4934 6392
411 588 487 675 ‘ut
669 636 674 645 ,
770 582 954 733 cocta
983 605 1149 685 uxuu.
1197 590 1526 690 cruuntur
1573 596 1884 689 securum

418 783 610 888 phantasma
629 783 714 857 illud
738 783 891 885 adpareat
916 788 952 859 in
980 780 1092 863 forma
1111 810 1282 887 ,corporea
1318 782 1505 868 luscitalie?
1539 790 1711 879 Praeterea,
1726 786 1751 863 ti
1765 788 1897 864 Samuel
1916 794 2111 867 exmortult
2130 816 2190 865 ex·

419 884 656 982 alicujursmir
669 880 771 980 palio
796 886 923 972 amitit,
953 908 987 958 v.
1009 913 1061 970 ra.
1087 904 1283 981 atquomo·
1322 888 1437 959 citatur
1456 889 1513 959 hie
1529 888 1619 959 Sauli
1642 889 1810 984 adparuit,
1841 890 1922 985 quid
1944 888 1986 961 de
2007 913 2050 961 cu
2073 890 2190 985 polleo

419 984 468 1058 tlo
494 988 603 1082 potuit
628 990 737 1055 anima
758 978 903 1080 separata
930 986 966 1053 in
985 1004 1149 1079 corporea
1172 984 1280 1081 ligura
1324 981 1473 1063 fanum,
1505 1010 1586 1056 num
1614 983 1728 1056 denuo
1753 983 1818 1057 fuit
1840 1004 1990 1057 mortum
2007 992 2048 1061 rit·
2064 1012 2189 1085 eorpus

418 1080 505 1163 senia
531 1077 699 1177 conspici,
737 1104 816 1152 cum
839 1077 906 1178 ipsa
933 1077 973 1150 fit
999 1073 1192 1171 ἅσιόμιτος
1219 1073 1281 1153 atui
1324 1086 1393 1168 eius
1412 1076 1564 1177 sepulcro
1584 1082 1734 1155 illatum?
1755 1101 1787 1153 at
1803 1083 1865 1155 hnc
1886 1086 2016 1155 ratione
2035 1106 2096 1181 ptr
2115 1089 2195 1183 dia·¹

422 1178 587 1279 ἆγῆραος.
634 1176 700 1249 Sed
713 1200 784 1269 ¹nec
804 1202 924 1273 corpur
947 1178 1108 1249 Samuelis
1129 1176 1194 1251 effe
1217 1202 1282 1275 po·
1326 1177 1398 1249 boll
1430 1184 1662 1273 operationem
1695 1178 1821 1251 factum
1849 1176 1980 1253 tuttiert
2040 1182 2106 1253 Vbi
2137 1183 2188 1255 bit

420 1284 506 1365 tuit,
537 1278 665 1372 primo,
697 1279 773 1374 q'uia
793 1276 901 1349 nullut
920 1280 1139 1371 interpretum
1163 1294 1283 1373 practer
1327 1294 1474 1349 mortem
1503 1278 1694 1375 pateretur?
1743 1278 1834 1349 Num
1861 1283 1897 1350 in
1925 1276 2067 1350 limbum
2091 1284 2190 1352 vivut

419 1371 624 1473 Burgeulem
639 1376 708 1461 lunc
727 1370 898 1457 adfirmat,
943 1376 1100 1457 Secundo,
1115 1374 1193 1469 quia'
1207 1396 1283 1446 cor·
1327 1368 1523 1453 descendit?
1544 1394 1577 1445 at
1598 1374 1716 1447 limbus
1734 1372 1978 1473 receptaculum
2003 1374 2047 1447 cll
2063 1382 2189 1449 anima·

422 1498 484 1574 pua
495 1472 658 1545 Samuelis
679 1474 829 1567 quietum
853 1476 888 1541 iu
903 1464 1056 1565 sepulcro
1075 1473 1194 1560 jacuit,
1218 1492 1282 1541 nec
1325 1494 1698 1566 rum,noncorporutu.
1746 1471 1839 1543 Nutu
1851 1472 2064 1547 incoelumad
2076 1478 2188 1547 Deum

421 1568 691 1665 ullitrliabplipis
711 1567 985 1640 incantationibus
1005 1570 1141 1640 excitari
1161 1572 1283 1665 potuit,
1328 1562 1522 1648 adscendit?
1559 1587 1591 1640 at
1614 1571 1676 1641 hac
1701 1574 1831 1639 ratione
1858 1569 1979 1639 corium
2002 1565 2188 1667 lulcepilltt

395 1726 399 1731 .
422 1693 502 1743 cum
521 1668 611 1740 Dent
625 1688 695 1737 nun
710 1670 818 1736 minua
835 1663 926 1760 offa,
950 1688 1051 1762 quam
1068 1666 1192 1737 animat
1205 1669 1280 1762 pio·
1329 1688 1457 1737 novum
1482 1666 1626 1739 incolam
1651 1664 1777 1737 diaboii
1798 1672 1994 1759 operatione
2014 1685 2090 1741 ante
2114 1674 2191 1741 uni·

421 1790 500 1841 rum
514 1762 685 1849 custodiat,
699 1756 778 1835 Psal.
789 1762 936 1835 xxxiv.
949 1787 1010 1839 ar.
1063 1762 1195 1850 Tertio,
1207 1766 1285 1856 quia
1329 1758 1490 1834 verlalcm
1508 1760 1785 1836 resurr-emonem
1799 1759 1994 1836 luit-iratum.
2017 1760 2191 1837 Bellarrui·

282 1864 288 1883 ¹
406 1859 590 1961 ipeilrum
610 1858 692 1933 illud
711 1861 846 1959 adparet
860 1864 895 1933 ia
904 1854 1028 1954 pallio,
1052 1859 1141 1957 quali
1152 1858 1287 1936 Samuel
1329 1883 1390 1930 nm
1405 1863 1542 1933 unicum
1559 1859 1641 1932 illud
1664 1860 1782 1945 habet,
1808 1860 1898 1949 quod
1911 1880 2059 1957 regerat,
2084 1866 2191 1958 aripa-

323 1994 326 1999 ·
423 1953 727 2046 iuvitaeratusus3
749 1954 1203 2047 numveroexissimabimut,
1218 1954 1288 2055 pal·
1328 1959 1477 2031 ritiorretrt
1499 1960 1653 2033 Samuelis
1663 1954 1850 2053 prevenisse
1872 1962 2120 2031 incartationem
2143 1958 2188 2049 &

423 2057 510 2131 lium
533 2056 616 2129 illud
638 2049 743 2149 spatio
764 2054 893 2152 aliquot
915 2076 1082 2127 annorum
1102 2078 1172 2127 unu
1189 2048 1286 2125 fuiffe
1332 2056 1400 2153 rjus
1421 2056 1585 2155 effrlianr,
1616 2058 1708 2151 quod
1731 2056 1862 2152 colligit
1884 2080 1924 2126 ex
1941 2061 2191 2150 perturbatione

423 2160 463 2229 iu
479 2173 566 2227 terra
581 2153 803 2248 corruptum?
834 2150 1003 2250 praestigia
1018 2148 1154 2225 fuerunt
1168 2150 1287 2223 diabo-
1332 2157 1491 2242 mulieris,
1515 2175 1583 2253 que
1602 2156 1733 2225 turbata
1751 2153 1812 2245 eti,
1836 2178 1903 2225 ratrr
1919 2156 2003 2227 uidit
2015 2160 2191 2230 sumetur

424 2252 499 2325 tica
517 2270 589 2325 tum
608 2254 644 2322 in
668 2250 758 2345 pallii
780 2269 850 2321 tum
871 2255 907 2320 in
932 2245 1097 2343 personatt
1118 2247 1207 2321 illiue
1227 2251 1287 2319 Sa·
1331 2251 1539 2350 udpnroiffe,
1565 2264 1736 2347 anteparta
1752 2266 1956 2327 ructaretur.
1994 2252 2068 2325 Lib.
2084 2258 2128 2327 ii.
2150 2253 2193 2324 de

424 2348 546 2425 muelit
567 2344 867 2445 repraeientatione.
922 2350 1055 2443 Quarto
1077 2369 1198 2441 corpus
1220 2348 1287 2418 lto·
1319 2362 1462 2447 ·purgat.
1475 2375 1544 2447 cap.
1560 2363 1592 2419 6.
1607 2350 1699 2420 addit
1712 2350 1915 2445 probationis
1932 2343 2204 2421 locolomninrn‘

424 2450 527 2525 miuie
546 2447 673 2521 mortui
692 2443 738 2515 eli
759 2439 867 2517 sculur
885 2466 923 2515 ac
945 2462 1057 2519 mutua
1075 2443 1209 2536 prorsus
1229 2466 1286 2515 cx·
1332 2447 1570 2532 rabbinorum,
1611 2446 1703 2544 quud
1727 2450 1844 2521 umbre
1872 2460 2092 2531 mortuorunt,
2123 2466 2194 2545 qu

424 2530 521 2715 pair,
545 2548 711 2659 jamvero
728 2542 795 2613 hoe
814 2536 1004 2659 phantasma
1023 2542 1240 2645 progreditur
1250 2563 1289 2612 aa
1334 2547 1368 2618 oi
1380 2550 1507 2642 tragice
1519 2546 1601 2617 artis
1613 2556 1809 2633 enarratur,
1835 2552 1941 2641 rapite
1957 2545 2106 2637 morsm
2121 2564 2195 2619 utt-

425 2638 1288 2837 tilii-rit,⁰it‘lzai'il¹',ittttttiz:
1322 2643 1604 2835 itiifli'i
1626 2646 1888 2835 ,iiiiii
1904 2641 2196 2835 litigiali

267 2878 273 2896 ,
425 2833 572 2937 'primunt
589 2860 627 2906 ac
641 2832 861 2931 corporaliter
876 2828 1039 2905 oblellum
1053 2831 1179 2909 diaboli
1195 2856 1288 2905 matt·
1329 2838 1492 2933 postremo
1501 2844 1600 2933 petits
1612 2862 1628 2907 a
1639 2850 1729 2907 terra
1743 2860 1902 2937 emergere
1916 2840 1970 2935 trist
1978 2837 2054 2937 pirri,
2087 2840 2193 2932 Resp.

331 3140 338 3151 '
428 3130 579 3229 ejusdem
604 3120 889 3220 semirotundo,

302 2958 311 2979 “
425 2942 553 3037 cipium
574 2930 712 3014 fecerit,
750 2954 788 3001 ac
813 2934 922 3027 potuit
945 2930 1094 3003 diabolus
1115 2927 1153 3001 id
1178 2926 1287 3024 ipsum
1332 2941 1405 3007 imo
1426 2960 1510 3007 vero
1533 2930 1720 3029 pythonilia
1737 2939 1908 3007 audiverat
1929 2960 1968 3007 ex
1984 2934 2101 3021 Saule,
2134 2938 2193 3009 St-

424 3037 495 3112 fiuc
514 3053 659 3126 corpore
677 3026 838 3097 Samuelis
849 3026 978 3114 facere,
1002 3027 1145 3124 liguram
1165 3022 1289 3099 scillcet
1331 3032 1478 3104 muelem
1496 3035 1617 3104 artibus
1631 3035 1766 3127 magicis
1780 3029 1844 3105 elle
1858 3033 2085 3120 evocandum,
2112 3034 2195 3105 iden

944 3124 1012 3194 oud
1030 3125 1065 3196 in
1084 3136 1230 3225 corpore
1250 3148 1287 3195 ac
1333 3126 1498 3224 personati
1531 3129 1619 3202 illius
1651 3130 1814 3225 Samuelis
1838 3124 2085 3228 representatio
2106 3154 2192 3207 ‚aaut

426 3255 489 3331 per
512 3247 633 3321 corpur
647 3220 816 3323 ¹Samuelis
837 3150 951 3293 sectili
971 3220 1132 3327 fingitur?
1181 3220 1283 3292 Deni-
1332 3248 1401 3307 non
1425 3228 1645 3319 perturbavit,
1670 3222 1726 3297 setl
1755 3230 1863 3324 potina
1880 3228 2067 3323 ronjprffiat
2082 3232 2192 3327 regis,

427 3352 494 3425 que
513 3348 576 3395 uec
597 3334 687 3392 lotar
704 3324 832 3395 Samari
853 3324 961 3390 anima
982 3324 1017 3391 tit
1041 3340 1186 3417 corpore
1206 3340 1289 3389 cou-
1333 3346 1434 3418 quiem
1451 3344 1545 3396 antea
1569 3329 1603 3394 in
1626 3324 1771 3418 caligine
1792 3325 1903 3397 nollit
1929 3348 1999 3397 non
2024 3346 2195 3422 cognore-

426 3429 511 3503 ssant
524 3418 614 3517 fuit,
630 3422 707 3519 quia
721 3411 915 3513 oportuiilet
937 3414 1048 3487 eum'a
1064 3420 1204 3488 mortuis
1218 3412 1289 3484 sur·-
1334 3440 1394 3491 rat.
1446 3423 1748 3519 Qaurrimposaisti
1758 3421 1856 3507 milri,
1868 3427 1994 3519 inquit,
2010 3434 2046 3495 tra
2062 3448 2095 3495 rs
2109 3426 2193 3495 rata

426 3518 579 3601 'cunila¹
604 3514 696 3612 qu'od
722 3538 798 3587 curu
821 3513 858 3585 stt
879 3518 1066 3583 maximum
1089 3512 1289 3591 miraculum
1336 3521 1435 3589 Satri..
1452 3546 1483 3592 u.
1506 3546 1559 3596 η.
1612 3522 1714 3600 Quod
1732 3517 2194 3615 filiatuarur,atparr'tr'urrua

426 3620 529 3698 loliut
542 3610 618 3686 'veri
637 3616 702 3683 Dat
722 3617 916 3709 proprium,
946 3610 1081 3679 diabolo
1102 3634 1139 3679 ac
1156 3615 1289 3705 organis
1333 3620 1492 3688 Samuelis
1509 3613 1695 3712 praveniffe
1713 3613 1904 3713 pytiuniffae
1925 3622 2193 3707 taramriam,

426 3710 888 3811 ·0jua,rnagis,tribuicoquit.
940 3708 992 3776 Dc
1008 3706 1147 3780 Siruonc
1167 3730 1287 3800 mago,
1319 3709 1552 3785 adserendum
1576 3713 1696 3800 luerit,
1733 3718 1844 3783 Deum
1870 3710 1936 3784 effe
1959 3718 2197 3808 hujur'evoca·

429 3810 617 3910 Apollonio
632 3806 813 3895 Thyauoeo
831 3813 864 3876 ti
889 3803 960 3873 aliis
981 3800 1100 3883 satana¹
1118 3806 1291 3899 mancipiis
1334 3810 1435 3880 tionis
1455 3812 1647 3896 auiloretu,
1670 3836 1741 3904 quar
1766 3808 1958 3904 hypothelir
1979 3833 2117 3908 urgetur
2139 3815 2197 3887 ab-

428 3896 658 3989 meruu‘tetut,
689 3900 779 3999 quod
804 3910 963 4003 murtuos'
977 3905 1210 3988 excitaverint,
1236 3898 1291 3971 led
1337 3903 1442 4003 surdis
1467 3905 1614 4001 lupetius
1634 3915 1847 3979 enumeratis.
1879 3909 1995 3981 -ldem
2017 3906 2197 4007 responde·

428 4008 567 4084 fuerunt
595 4022 700 4073 ruerat
725 3998 926 4087 illufioucs3·
962 4020 1016 4069 aut
1041 4024 1110 4071 uon
1134 3996 1293 4096 praeceffit
1316 4004 1468 4077 muaad
1489 4008 1718 4100 exceptionem
1734 4007 1864 4097 Lyrani.
1912 4011 2222 4101 'Qunadrnndanr

428 4128 509 4181 vera
529 4102 645 4195 more,
666 4091 722 4169 leti
738 4116 863 4169 tantum
883 4096 1064 4183 firrtulatio,
1090 4118 1229 4168 autnon
1246 4091 1293 4167 se·
1317 4105 1480 4199 ¹(iuquit)
1505 4127 1573 4174 runt
1597 4106 1718 4173 Bilraor
1743 4106 1884 4191 excitare
1903 4102 1995 4177 uellet
2012 4106 2197 4192 diabulaus,

430 4225 506 4282 ruta
533 4198 580 4272 eil
603 4217 680 4267 vera
694 4192 916 4269 'resurretlim
978 4198 1011 4266 Si
1032 4196 1107 4265 Deo
1132 4196 1217 4265 hanc
1238 4196 1293 4263 Sa·
1340 4204 1434 4275 Daras
1445 4201 1519 4295 stfr
1542 4203 1752 4295 interposuit,
1779 4205 1825 4271 ita
1848 4226 1916 4272 rara
1940 4202 2001 4297 ista
2019 4228 2116 4302 tanga
2138 4214 2206 4277 na'..

414 4300 552 4381 murila
585 4290 865 4366 resuscitationem
894 4293 1041 4364 tribuere
1071 4290 1171 4379 velis,
1208 4290 1292 4361 diui·
1336 4315 1467 4372 voraret
1479 4302 1594 4370 malurn
1601 4302 1785 4393 spiritum,
1811 4302 2194 4399 Deusmifitsarratlru,

429 4426 512 4477 uum
534 4392 731 4467 miraculum
747 4391 846 4464 facies
860 4392 1085 4461 tellimuuium
1102 4388 1295 4460 mendaciu-
1338 4395 1385 4471 θ’
1403 4400 1460 4469 troc
1475 4400 1573 4491 patio
1597 4423 1662 4469 uon
1685 4400 1911 4491 confirmamur
1926 4413 2014 4471 artes
2037 4404 2196 4499 magiter,

431 4526 509 4574 tutu
533 4519 570 4564 ac
595 4492 849 4563 iullrumeutum
874 4484 1019 4559 sataulcae
1049 4490 1185 4583 tuagiae,
1219 4512 1295 4558 curn
1324 4493 1594 4589 satiaverimus,
1653 4497 1752 4589 Resp,
1784 4497 1875 4591 quod
1898 4494 2063 4571 Bilenrnua
2082 4502 2198 4570 diabo-

430 4617 544 4671 tamen
562 4592 673 4659 diviua
697 4584 854 4658 miracula
880 4586 940 4658 smt
965 4582 1149 4657 iessltttonl²
1176 4583 1296 4656 dlvlnae
1336 4595 1406 4665 lum
1422 4598 1562 4665 excitare
1577 4590 1734 4679 voluerit,
1761 4593 1996 4681 incertumell,
2018 4596 2197 4693 nec-poteil

432 4692 595 4769 veritatis·
641 4680 1061 4754 Personatfflillesfflnuel
1083 4705 1152 4752 1¹0ss
1176 4705 1193 4751 2
1216 4683 1294 4754 Dto
1335 4714 1374 4761 ex
1409 4690 1543 4763 hilloria
1578 4691 1724 4786 probari.
1777 4695 1849 4761 llrti
1883 4696 2021 4790 magicae
2053 4696 2197 4767 omnino

432 4786 499 4866 lese
512 4780 923 4863 miffuruvelexcitatum,
943 4774 998 4849 led
1019 4784 1292 4877 magicispytho·
1336 4783 1447 4860 suiliet
1484 4788 1593 4860 addita
1635 4788 1832 4873 auilotitar,
1874 4787 1898 4859 fi
1934 4813 2031 4861 vetut
2062 4792 2198 4883 Samuel

429 4884 529 4965 uilia
545 4882 667 4955 'artibus
689 4886 874 4950 evocatum
888 4872 1007 4949 adierit
1030 4902 1060 4949 v·
1088 4902 1141 4962 ις.
1177 4881 1295 4973 Quare
1335 4881 1526 4983 prodiiliet3
1555 4883 1611 4956 etfi
1632 4891 1720 4979 enim
1743 4883 1891 4971 dicatur,
1915 4886 2106 4961 Samuelem
2121 4912 2200 4963 car.

432 4980 698 5085 inquietabitur.
723 4988 761 5049 ttl
772 4976 979 5074 suscitarer?
1025 4977 1068 5047 Et
1082 4978 1153 5075 quit
1169 4979 1294 5066 credat,
1335 4983 1479 5056 minibus
1495 5008 1563 5054 nou
1589 4978 1846 5082 obtemperalie,
1873 4984 1980 5057 videri
1999 4998 2199 5083 tameu'po-

433 5082 594 5160 Deumiu
609 5078 748 5177 gratiam
762 5081 856 5171 impii
873 5079 961 5172 regia
974 5070 1199 5171 pythouiilam
1212 5101 1295 5148 con·
1333 5086 1396 5152 tuit
1414 5076 1666 5179 obtemperalle‚
1738 5084 1788 5172 3.)
1814 5084 1862 5150 iix
1886 5088 2079 5178 adparentis
2103 5085 2200 5185 baina

432 5180 568 5289 selentia
582 5176 773 5255 Samuelem
790 5176 1056 5249 extraordinario
1069 5171 1232 5251 miraculo
1246 5200 1298 5250 te·
1323 5176 1451 5280 sprdri
1486 5182 1631 5257 mendaci
1653 5179 1940 5281 sermocinatium.
2006 5178 2202 5259 Personam.

1300 5326 1315 5387 ,
2146 5280 2207 5363 illa

345 5508 420 5622 u
499 5618 502 5625 ,
