4934 6392
329 758 332 762 ,
375 670 484 798 ⁰50
737 724 756 813 χ
830 662 833 667 ’
900 692 1050 770 iocvs
1072 685 1223 770 tivit.
1253 691 1473 770 cinvttt.
1500 647 1630 766 seer.
1661 691 1706 766 v.

328 875 331 879 ’
433 904 534 975 mat,
562 878 1247 977 sedniliilquidquamadilludrespon-
1288 881 1386 952 rium
1403 873 1469 972 eli,
1501 898 1542 952 ut
1557 877 1614 964 is,
1652 879 1943 972 quiinvncatur,
1969 897 2121 967 nnoae

433 986 502 1056 det.
551 986 610 1076 4.)
638 979 1007 1055 Sidefunsiissaniiis
1023 1002 1083 1065 ea,
1112 1003 1192 1075 quae
1207 982 1245 1052 in
1288 970 1439 1072 simplici
1458 979 1676 1074 cognitionis
1702 975 1783 1049 adu
1800 979 1873 1046 liaec
1902 977 2027 1047 omnia
2053 977 2119 1057 inf¹

431 1085 539 1156 terris
568 1103 769 1175 geruntur,
796 1079 887 1152 siunt
911 1100 994 1151 nota
1022 1102 1087 1173 per
1109 1081 1246 1151 revela·
1286 1079 1449 1173 telligat,
1475 1100 1541 1147 nec
1562 1078 1710 1147 demum
1733 1096 1818 1146 cum
1833 1098 1958 1168 preces
1974 1074 2105 1148 suntfi·

430 1182 594 1268 tionem,
635 1184 764 1274 utique
785 1177 1049 1251 etiam-sanetis
1072 1200 1144 1257 vet.
1169 1176 1245 1248 test.
1288 1178 1396 1262 nitae,
1422 1198 1488 1272 per
1502 1177 1760 1246 revelationem
1783 1174 1862 1245 illas
1886 1171 2100 1270 cognoscat,

430 1283 556 1351 eadem
582 1301 666 1351 nota
690 1279 857 1365 fuerunt,
886 1279 929 1349 de
963 1275 1096 1371 quibus
1124 1297 1245 1348 tamen
1286 1273 1472 1346 destitutus
1498 1275 1642 1345 interim
1666 1275 1792 1345 notitia
1813 1294 1941 1344 earum
1966 1306 1977 1357 ,-
2020 1296 2101 1368 quae

427 1378 608 1473 pontificii
626 1396 781 1473 negant,
808 1375 1072 1471 quodpolierps
1090 1375 1171 1450 suos
1188 1398 1246 1446 co·
1286 1373 1440 1468 illoipso
1475 1373 1903 1463 momentofunduntut,
1940 1371 2103 1444 sedsem-

426 1479 633 1574 gnoverint.
682 1476 824 1570 Excipit
851 1473 1246 1569 Bellarminus,'palri.
1286 1488 1378 1566 per,
1414 1473 1583 1545 continue
1607 1472 1904 1544 &indesinenter
1919 1473 2102 1544 orantium

425 1578 484 1647 lias
502 1580 539 1645 ia
552 1568 647 1646 liinba
667 1599 732 1645 aaa
742 1571 842 1672 faisse
863 1577 1027 1644 ordinarie
1040 1576 1243 1662 revelatam,
1284 1561 1410 1665 preces
1430 1573 1575 1658 audiat,
1603 1573 1700 1649 unde
1715 1572 1896 1642 Dominus
1906 1573 2005 1665 apud
2018 1594 2100 1666 pro·

424 1678 504 1770 quid
529 1675 578 1745 liii
597 1678 786 1773 agebatur,
817 1677 895 1769 qaia
923 1698 988 1743 non
1011 1687 1107 1745 erant
1125 1678 1239 1763 beati,
1281 1673 1427 1764 phetam
1446 1672 1556 1742 dicit:
1583 1669 1658 1742 Esa.
1681 1669 1790 1740 LXV.‘
1805 1687 1865 1761 24.
1905 1674 2099 1765 Antequam

422 1780 562 1845 named
579 1772 756 1870 perfidiam
773 1774 1001 1843 beatitudinem
1019 1776 1166 1866 pertinet
1169 1777 1248 1868 sci
1274 1770 1435 1857 *emmena
1462 1793 1520 1866 ega
1542 1773 1743 1856 exaudiam,
1767 1770 1870 1838 adhuc
1889 1771 1954 1839 illis
1969 1771 2099 1865 laquea·

421 1896 479 1960 re,
503 1898 586 1968 quae
607 1873 698 1968 adse
719 1874 884 1965 pertinent
902 1869 975 1946 &a
1024 1871 1139 1965 Atqui
1155 1875 1238 1945 lim.
1279 1870 1367 1938 sibus
1384 1893 1442 1965 ego
1460 1872 1614 1949 audiam
1641 1866 1846 1940 &Christus
1860 1870 1903 1939 de
1914 1872 2014 1940 Patre
2031 1862 2098 1941 coe·¹

422 1969 492 2042 bus
510 1974 569 2043 ille
583 1970 720 2067 papalis
734 1969 782 2043 est
791 1968 1008 2068 figmentum
1021 1973 1238 2045 humanum.
1278 1965 1354 2039 lelii
1368 1966 1512 2040 testatur
1527 1966 1659 2040 Mattli.
1677 1967 1739 2040 Vl.
1758 1984 1815 2051 32.
1866 1970 1971 2037 Novit
1993 1970 2098 2038 Pater

421 2068 529 2156 Quod
552 2071 647 2151 sivel
660 2070 819 2140 maxime
840 2089 959 2164 patres
977 2069 1014 2139 in
1030 2069 1142 2139 limbo
1154 2093 1244 2143 con-a
1277 2065 1409 2160 vester,
1449 2070 1537 2162 qaod
1559 2067 1633 2139 llaec
1655 2072 1764 2137 anaia
1781 2068 1964 2166 indigeatis.
1984 2104 1986 2113 ·
2003 2069 2090 2143 lam

419 2166 532 2240 stituti
551 2169 682 2241 exclusi
695 2161 838 2239 titillent
862 2166 1062 2238 abeatilica
1075 2168 1236 2258 visione,
1277 2189 1365 2238 vero
1396 2167 1506 2262 pofita
1523 2168 1753 2239 revelationis
1766 2187 1868 2236 novae
1883 2165 2092 2253 necesitate,

419 2289 493 2337 non
515 2287 635 2339 tamen
656 2266 787 2338 remoti
799 2261 975 2338 fuissenta
994 2268 1118 2339 divina
1135 2289 1246 2340 reve:
1276 2285 1432 2360 negatur
1456 2262 1660 2338 saniiorum
1691 2262 1967 2352 omniscientia,
2008 2267 2095 2360 quia

418 2365 566 2437 latione.
619 2366 674 2457 5.)
710 2365 780 2454 Qui
805 2365 1024 2460 cognitionis
1053 2368 1234 2441 medusa
1274 2363 1341 2436 ubi
1365 2364 1565 2458 requiritur
1591 2385 1686 2436 nova
1713 2365 1911 2451 revelatio,
1938 2363 1990 2436 ibi
2019 2388 2092 2435 non

418 2460 557 2535 summo
574 2463 743 2557 pontifice
758 2465 947 2550 reiicitur,
971 2464 1077 2535 illum
1091 2468 1235 2537 nonde·
1276 2460 1323 2532 est
1344 2482 1519 2557 perpetua
1543 2470 1576 2534 δι
1593 2466 1791 2548 continua,
1831 2460 1888 2535 sed
1908 2461 2093 2541 successiva

339 2557 341 2569 '
372 2648 377 2655 ³
417 2559 739 2634 bet·Bellarniinus
758 2582 930 2655 tanquam
943 2561 1233 2658 probabilemre-
1275 2568 1309 2632 δι
1327 2561 1527 2656 interrupta
1542 2563 1680 2635 notitia.
1730 2561 1827 2658 Ergo
1860 2559 1970 2635 sancii
1996 2584 2091 2636 nova

418 2661 551 2754 cipere.
599 2660 780 2744 Ratioest,
807 2661 894 2752 quia
913 2661 1124 2733 sententiam
1144 2684 1234 2755 pon·
1273 2659 1493 2731 revelatione
1512 2662 1715 2757 indigentes
1733 2682 1805 2731 non
1822 2659 1901 2732 sunt
1926 2661 2091 2734 omniscii

415 2757 553 2846 tificis,
577 2766 701 2853 utpote
721 2759 946 2854 infallibilem,
972 2760 1234 2831 omniumcon·
1275 2763 1309 2827 δι
1333 2780 1399 2852 per
1427 2758 1648 2851 consequens
1678 2782 1744 2831 nec
1770 2761 1975 2831 invocandi.
2026 2759 2089 2854 7.)

415 2858 668 2930 troversiarum
684 2860 720 2927 iii
737 2857 879 2930 ecclesa
899 2879 1067 2929 normam
1087 2853 1152 2927 else
1168 2856 1231 2930 lla-
1272 2856 1456 2929 Revelatio
1482 2856 1544 2928 illa
1564 2877 1625 2929 aut
1646 2856 1695 2930 est
1729 2860 1973 2954 quarumdam
1998 2861 2088 2932 dun·

415 2957 495 3027 tuit.
547 2955 1113 3049 lamverosummuspontisex,
1132 2956 1230 3029 Gre-
1271 2973 1542 3043 taxatrerum,
1581 2964 1663 3048 'quae
1685 2960 1722 3030 in
1745 2956 1850 3033 terris
1869 2979 2086 3052 geruntur,

379 3096 382 3101 -
413 3056 542 3148 gorius
557 3076 713 3149 magnus
728 3054 792 3126 lib.
811 3055 891 3124 ΧΠ.
913 3055 1042 3125 moral.
1066 3076 1144 3148 cap.
1172 3075 1229 3139 13.
1270 3073 1334 3124 aut
1361 3055 1538 3125 omniunt.
1591 3055 1629 3126 Si
1652 3059 1780 3151 prius,
1813 3056 1979 3129 nondum
1996 3055 2086 3131 suffi-

295 3154 317 3169 “
414 3158 448 3223 &
459 3151 524 3223 lib.
539 3152 602 3223 IV.
616 3155 750 3249 dialog.
765 3174 843 3247 cap.
858 3173 918 3239 33·
934 3154 1087 3223 modum
1104 3155 1228 3248 cogni·
1269 3153 1317 3244 eit
1333 3152 1377 3223 ad
1398 3150 1644 3237 stabiliendam
1666 3153 1869 3229 sanderum
1886 3154 2086 3235 invocatio·

303 3268 305 3272 ’
332 3311 337 3317 .
410 3248 522 3322 tionis
550 3273 617 3344 per
638 3252 898 3323 revelationem
924 3251 1065 3340 reiicit3
1092 3251 1229 3345 ample·
1268 3271 1373 3336 nem,
1401 3251 1489 3343 quia
1503 3252 1546 3322 ad
1565 3274 1648 3324 eam
1660 3255 1859 3346 requiritur
1873 3250 2035 3328 absoluta
2052 3263 2086 3328 δι

411 3344 521 3420 &itur
536 3350 635 3420 enim
652 3350 861 3421 sententiam
884 3351 927 3420 de
947 3350 1227 3443 cognitioneper
1269 3346 1412 3420 infinita
1431 3352 1596 3421 omnium
1626 3353 1763 3423 notitia.
1812 3353 1851 3423 Si
1882 3350 2084 3446 posterius,

408 3446 583 3519 visorem
597 3446 823 3533 beatificam,
847 3470 927 3542 que
942 3448 1226 3519 liuicrevelatio-
1267 3443 1488 3542 consequens
1512 3448 1644 3534 fuerit,
1673 3451 1922 3546 cognitionem
1943 3476 2012 3547 per
2028 3476 2084 3527 re·

409 3547 449 3617 ni
462 3544 690 3632 adversatur,
713 3567 753 3617 ut
772 3544 1016 3618 Bellarminus
1032 3543 1104 3640 ipse
1115 3568 1227 3640 agno-
1264 3543 1556 3619 velationemesle
1570 3547 2082 3644 persesiiotem&pieniorem

406 3643 480 3718 scit.
505 3645 603 3738 Ergo
626 3667 697 3714 non
713 3642 864 3715 debebat
878 3639 1033 3716 niodum
1051 3647 1226 3739 cognitio-
1265 3647 1472 3739 cognitione
1489 3649 1574 3734 illa,
1603 3671 1683 3741 quae
1713 3647 1753 3721 fit
1779 3670 1846 3742 per
1874 3647 2079 3724 beatificam

395 3741 466 3813 'nis
489 3763 556 3835 per
571 3743 1008 3817 divinam'revelationem
1032 3736 1072 3814 tit
1093 3743 1223 3835 proba·
1264 3742 1535 3830 Deivisionem,
1562 3747 1648 3839 quia
1663 3747 1910 3844 cognitionem
1921 3750 2080 3841 perbea-

405 3836 517 3910 bilem
538 3842 709 3934 recipere.
731 3872 733 3876 >
761 3841 821 3934 6.)
845 3840 1111 3936 Hypotliesisde
1128 3863 1223 3913 nove
1264 3839 1397 3911 tilicam
1421 3843 1847 3916 visionemBellarminus
1865 3844 1911 3918 sic
1925 3847 2077 3936 limitat,

310 3995 316 4003 ,
402 3939 621 4010 revelatione
645 3939 773 4011 evertit
789 3940 878 4011 illud
889 3938 1031 4033 ipsum,
1057 3940 1116 4013 cui
1138 3961 1222 4011 eon·
1265 3941 1363 4031 quod
1383 3939 1491 4011 saniii
1516 3942 1652 4013 inDeo
1672 3945 1815 4015 videant
1837 3968 1912 4016 non
1944 3944 2078 4042 simpli-

405 4035 582 4108 lirmando
615 4036 827 4127 adhibetur,
862 4038 1066 4133 religiosam
1089 4040 1221 4112 scilieet
1264 4038 1352 4107 citer
1379 4040 1533 4134 omnia}
1574 4040 1630 4114 sed
1657 4065 1736 4138 quae
1760 4043 1804 4113 ad
1828 4043 1922 4136 ipsos
1951 4045 2076 4140 aliquo
2120 4062 2125 4075 ·

404 4133 609 4218 sandiorum
631 4137 924 4221 invocationem,
959 4142 1057 4230 quod
1086 4138 1131 4210 fic
1157 4143 1220 4212 de.
1262 4138 1581 4231 modo-pertinent..
1633 4144 1698 4229 8.)
1726 4141 1908 4214 Revelatio
1929 4143 1993 4215 illa
2015 4165 2078 4217 aut

399 4232 653 4308 monstramus:
665 4237 735 4323 Qui
745 4232 792 4305 est
805 4234 969 4330 religiose
978 4236 1215 4326 invocandus,
1262 4232 1368 4334 eliſsa
1393 4239 1495 4308 alaris
1510 4286 1521 4326 ,
1539 4242 1713 4334 praelieris
1726 4240 1774 4315 ΕΤ
1785 4246 2074 4333 extraordinaria,

400 4333 664 4426 illumoportet
677 4330 742 4404 elle
762 4334 1003 4424 omniscium,
1027 4355 1069 4406 ut
1082 4359 1156 4406 uno
1173 4360 1216 4409 ac
1256 4352 1321 4406 aut
1347 4263 1395 4420 ei
1418 4339 1643 4433 regularis&
1663 4344 1840 4411 ordinaria.
1891 4343 2095 4435 Siprius,

398 4428 555 4525 simplici
574 4431 656 4505 adiu
681 4453 753 4503 non
778 4430 984 4520 successive,
1016 4456 1082 4503 nec
1104 4437 1212 4507 huius
1255 4452 1331 4505 non
1369 4435 1854 4511 constituit-fundamentum
1895 4435 2072 4515 ordinarii

276 4592 294 4603 μ
396 4532 457 4601 vel
475 4531 572 4601 illius
590 4533 771 4627 duntaxat
790 4530 935 4618 cordis,
968 4530 1025 4603 sed
1046 4534 1212 4619 omnium
1256 4531 1404 4619 eutius,
1441 4536 1679 4610 invocationis
1693 4534 1824 4611 scilicet
1840 4540 1882 4610 in
1898 4540 2074 4629 ecelesia,

383 4624 546 4719 ‘omnino
573 4624 750 4700 cordium
765 4651 890 4700 omnes
914 4636 1086 4703 motus&
1112 4632 1211 4725 cogi·
1254 4634 1342 4723 quia
1355 4631 1548 4727 singularia
1565 4658 1637 4705 non
1656 4637 1872 4709 constituunt
1888 4640 2070 4735 regulam.

393 4729 569 4814 tationes,
597 4725 856 4819 quaefuerunt,
884 4728 1209 4820 quaesuniaifuiu-
1253 4729 1290 4823 Si
1315 4728 1520 4827 posterius,
1543 4733 1682 4820 salsum
1700 4737 1796 4822 erit,
1830 4739 1929 4830 quod
1958 4735 2068 4811 saneti

283 4854 287 4858 ·
392 4845 442 4896 re
463 4823 569 4909 sunt,
597 4824 749 4896 simulac
762 4824 870 4896 semel
890 4829 1053 4921 cognitas
1067 4826 1207 4902 habeat.
1251 4831 1433 4902 ordinarie
1466 4832 1636 4926 ignorent
1667 4857 1791 4907 rerum
1821 4837 2068 4909 humanarum

311 4998 316 5005 ³
390 4916 971 5021 Qtiemadmodumenimnullum
987 4925 1206 5016 esi,nullum
1247 4924 1406 5018 statum,
1433 4932 1533 5024 quod
1554 4930 1671 5025 ipsum
1682 4954 1802 5005 tamen
1822 4932 2067 5028 seripturaad·

389 5020 481 5109 suit,
508 5022 650 5092 nullum
674 5024 740 5093 erit
759 5025 932 5118 temporis
953 5044 1203 5113 momentum,
1246 5022 1359 5098 struit.
1411 5053 1448 5121 9.
1461 5049 1474 5115 l
1502 5030 1718 5126 Quicunque
1728 5033 1992 5107 invocanturut
2003 5060 2074 5108 κει.

390 5140 464 5215 quo
483 5141 555 5191 non
580 5120 643 5193 sint
662 5123 714 5216 pii
732 5122 896 5193 homines
918 5146 984 5218 per
1004 5143 1122 5196 totum
1135 5143 1203 5195 ter·
1245 5131 1484 5203 diatarmater
1504 5131 1883 5219 Deamfflltamiaes,
1900 5133 1975 5206 illis
1989 5158 2064 5207 non

278 5300 281 5309 ¹
388 5240 515 5291 ratuni
539 5218 666 5292 orbem
686 5219 855 5315 dispersi,
882 5224 1024 5315 quicar
1044 5219 1203 5295 suumin
1247 5225 1381 5300 debent
1406 5252 1533 5326 preces
1567 5228 1692 5303 nostrae
1721 5232 1843 5305 aDeo
1872 5220 2064 5322 revelari,

383 5317 555 5413 precibus
566 5319 778 5396 effundunt:
812 5319 864 5393 ita
885 5341 1032 5419 quoque
1054 5318 1205 5398 necessa·
1246 5324 1306 5401 led
1321 5326 1386 5427 ipsi
1396 5331 1520 5427 potius
1534 5350 1660 5428 preces
1674 5328 1811 5415 nolli-ae
1833 5330 1946 5431 perse
1961 5335 2065 5408 audi·

480 5462 486 5471 ⁸
1841 5514 1846 5527 Ι
1884 5516 1888 5527 .
1954 5452 2069 5530 ·te.
