4934 6392
411 664 634 784 §ermom
786 708 789 713 ¹
911 680 923 711 ··
1007 642 1512 777 *su'rmtnnur'vm

305 874 308 879 ⁴
410 872 513 975 sotoris
551 882 651 955 litorii
686 878 839 975 peteuda
878 879 1070 952 duxerunt.
1122 877 1235 967 Hier
1262 883 1364 977 potis
1379 880 1468 979 olim
1483 880 1663 977 prodituri
1685 898 1870 966 naturam,
1901 881 2072 957 modum·

416 1002 595 1076 quantum
624 979 702 1053 infit
726 977 866 1051 roboris
891 998 999 1073 atque
1014 978 1159 1051 virtutis
1173 978 1222 1052 'ad
1265 990 1362 1075 que',
1391 1000 1463 1075 quo
1484 978 1655 1054 restitutio
1673 978 2085 1074 eiusexpli'curipoffit‚·

415 1081 474 1167 id,
500 1072 767 1174 quoddeb'e'nt,
794 1072 1041 1165 efficiendum,
1069 1097 1223 1148 moxco·
1263 1080 1443 1153 luculente
1471 1080 1646 1172 declarem
1672 1077 1727 1151 sed
1741 1079 1891 1176 potius,
1918 1097 1961 1149 ut
1980 1072 2072 1148 diffi-

417 1176 645 1277 gno'scemus.
698 1172 1000 1248 Suuttutemalia
1015 1176 1228 1259 divinarunt,
1268 1178 1415 1251 cultores
1440 1179 1477 1249 in
1495 1174 1657 1251 do‘drina
1667 1178 1710 1253 de
1724 1174 1984 1249 resurrediione
2008 1174 2072 1246 ob·

418 1272 679 1372 pandedierum
690 1275 769 1347 loca
785 1322 797 1360 ‚
832 1293 912 1391 quoe
927 1272 1135 1345 vehiculum
1150 1274 1224 1344 ani·
1266 1277 1345 1347 v'ios
1361 1276 1508 1346 emedio
1521 1276 1647 1362 tollat,
1678 1284 1711 1351 δε
1727 1272 1948 1347 onietiiones
1971 1271 2081 1349 secus³

420 1397 490 1465 rute
509 1393 728 1469 perpetuum
743 1395 890 1465 proxime
904 1370 1091 1456 indicare,
1127 1372 1223 1455 alia,
1253 1372 1521 1458 sentientium,
1556 1378 1620 1467 qui
1637 1392 1868 1447 mortuorum
1890 1369 2075 1443 resuscita·
2098 1458 2106 1467 μ

423 1494 512 1566 quae·
526 1473 726 1542 remotiorem
744 1466 822 1542 eius¹
846 1466 1141 1565 significationem
1162 1472 1224 1549 lnt-¹
1267 1472 1404 1543 tionem
1421 1471 1464 1543 ab
1481 1470 1554 1566 ipso
1576 1470 1652 1543 Deo
1680 1468 1770 1544 effici
1795 1466 1889 1565 posse
1917 1490 2073 1639 negant,

284 1633 289 1640 .
422 1569 508 1647 here
530 1569 711 1651 videntur.
755 1568 1013 1661 Praecipuum,
1062 1568 1160 1659 ‘quod
1186 1568 1224 1639 in
1268 1570 1414 1663 repellat
1444 1572 1756 1665 argumentatione
1782 1565 1937 1641 dudae
1993 1568 2075 1640 mili

316 1712 347 1728 --
421 1666 603 1745 istacausa
629 1666 791 1739 adhiberi
812 1665 923 1751 solet,
963 1662 1225 1738 ditiumexstat
1267 1669 1411 1740 virtutis
1439 1668 1568 1739 divinae
1591 1670 1827 1753 documento,
1854 1668 2075 1761 quodcun-

423 1770 579 1860 mamad
592 1764 822 1860 Coriotimop.
837 1763 926 1838 XV.
940 1765 996 1854 36.
1007 1762 1077 1859 seq.
1105 1785 1123 1833 e
1150 1784 1222 1857 quo
1268 1766 1436 1862 spicimus
1462 1764 1511 1847 'in
1547 1766 1852 1865 regerminatione
1892 1763 2073 1838 seminum

421 1867 543 1939 uarios
562 1861 739 1939 sententiae
764 1862 832 1936 suae
851 1884 982 1934 nervos
1007 1862 1225 1955 depromunt
1267 1885 1369 1937 terrae
1385 1864 1685 1955 concreditorum.
1714 1862 1902 1948 Granum,
1929 1863 2072 1957 inquit,

420 1960 1085 2056 staminumfautoresperennantium.
1120 1958 1226 2046 Quod
1267 1964 1350 2033 vitae
1365 1983 1521 2057 expers,
1549 1983 1760 2057 corruptum
1776 1963 1814 2033 in
1865 1962 1981 2033 oemio
2000 1981 2073 2032 ter·

423 2064 705 2137 enimPouiusco
751 2061 961 2133 ushominis
973 2059 1226 2144 demortuum,
1268 2083 1316 2132 rae
1331 2080 1438 2153 etque
1461 2059 1702 2155 putrefadium
1718 1985 1922 2144 revirescit,
1949 2081 2071 2129 novae-

335 2208 338 2213 ·
422 2182 464 2235 ec
489 2162 525 2233 in
567 2159 705 2233 resurre
744 2160 825 2245 ione
854 2158 970 2230 denuo
994 2157 1227 2253 proditurum
1269 2181 1339 2253 que
1355 2160 1436 2229 vitae
1451 2160 1543 2252 capit
1559 2160 1778 2230 incrementa
1803 2160 1915 2243 exui,
1944 2180 2069 2229 acen-

423 2277 606 2351 comparat
621 2281 705 2329 cum
718 2279 831 2353 grano
847 2256 982 2351 tritici,
1005 2274 1106 2326 terroe
1125 2275 1223 2325 com·
1269 2259 1383 2328 ditore
1410 2278 1534 2327 rerum
1558 2260 1726 2331 omnium
1739 2256 1801 2351 ipsi
1819 2256 1944 2348 insita;
1986 2257 2069 2349 quie

424 2354 549 2448 misso,
569 2355 999 2450 marcescenteprimum‚
1017 2351 1144 2425 deinde
1159 2372 1231 2445 per.
1268 2356 1381 2449 igitur
1390 2355 1550 2440 dubitet,
1578 2355 1667 2448 quin
1684 2356 1811 2428 eadem
1827 2354 1887 2426 illa
1906 2356 2069 2449 potentie

422 2452 748 2528 virtutemserninis
762 2453 799 2525 in
811 2450 1114 2546 novamplantem
1129 2449 1223 2520 effio·
1266 2450 1334 2523 Dei
1349 2451 1487 2525 summa
1506 2452 1543 2522 in
1559 2453 1749 2525 hominum
1765 2454 1979 2549 corporibus
1997 2454 2075 2525 vite.

422 2551 604 2644 tescente3
629 2553 666 2624 id
676 2553 724 2624 ita
736 2551 1015 2647 interpretantur
1029 2572 1047 2623 t,
1067 2545 1224 2642 corpori,
1267 2551 1441 2623 donandis
1457 2547 1525 2622 sese
1536 2548 1695 2623 exserere
1705 2551 1827 2646 possit,
1852 2553 1937 2625 licet
1953 2554 2068 2622 moder

425 2650 605 2746 quodiam
615 2647 819 2746 gestamus,
841 2650 989 2721 externo
1006 2646 1164 2718 inditum
1175 2642 1224 2717 es·
1268 2649 1320 2719 rei
1337 2647 1474 2720 anobis
1484 2650 1634 2719 minime
1648 2648 1897 2744 perspiciatur
1942 2650 2067 2737 Quoad

425 2747 460 2823 se
487 2747 606 2821 semen
639 2749 860 2843 quoddam,
906 2746 1015 2817 vitali·
1035 2744 1227 2837 preditum
1268 2748 1439 2841 qualitates
1455 2754 1577 2817 autern
1593 2748 1876 2842 huiustorporis
1903 2746 2067 2841 (imper-

423 2848 585 2935 rirtute,
610 2848 803 2939 omnisque
819 2842 1059 2937 corruptionis
1075 2863 1227 2935 expers,
1269 2845 1350 2939 git)
1377 2842 1530 2932 nonest,
1558 2847 1655 2937 quod
1673 2844 1926 2931 offendamur,
1955 2845 2068 2933 sicer-

424 2945 524 3038 quod
547 2946 741 3015 adventitia
755 2946 820 3015 hac
834 2943 928 3015 mole
943 2939 1224 3033 absumtaetque
1269 2963 1304 3014 to
1327 2942 1422 3016 sensu
1440 2965 1460 3013 a
1478 2942 1639 3033 praesenti
1668 2965 1816 3036 corpore
1841 2943 2067 3038 discrepare,

426 3038 612 3128 dissoluta,
638 3065 709 3112 non
726 3044 834 3113 modo
859 3061 980 3111 comes
1006 3038 1134 3109 animet
1148 3057 1226 3109 me·
1268 3042 1450 3136 longeque
1471 3039 1722 3113 illustrioribus
1737 3039 2067 3114 adsedionibuein-

412 3160 536 3227 nem,
571 3139 629 3211 sed
655 3140 759 3210 novis
785 3140 892 3211 etiam
910 3134 1096 3232 particulis
1114 3135 1224 3205 dona·
1270 3138 1353 3223 dui,
1374 3139 1451 3209 -alio
1472 3136 1568 3209 sensu
1601 3159 1671 3207 non
1691 3139 1734 3209 ab
1754 3160 1795 3208 eo
1813 3139 1957 3210 differre
1974 3142 2067 3212 dica-

343 3284 346 3289 ·
424 3257 526 3324 tum,
551 3233 1109 3333 novaqueconspicuumforma‚
1136 3230 1224 3303 iusso
1269 3257 1338 3331 tur.
1390 3236 1525 3309 Eadem
1542 3238 1638 3308 enim
1654 3238 1785 3309 iterum
1799 3236 1846 3309 est
1861 3239 1949 3307 ratio
1963 3234 2069 3309 serni·

426 3356 590 3431 tempore
613 3352 796 3431 emergam
839 3354 910 3402 non
935 3329 1032 3402 secus
1055 3328 1224 3400 acsemen
1269 3334 1347 3417 nis,
1376 3335 1472 3426 quod
1491 3355 1720 3406 cumeterra
1739 3334 1956 3417 renascitur,
1993 3358 2064 3409 ma·

424 3455 529 3513 terrae
551 3433 788 3515 mandatum,
831 3428 984 3502 exsicco
1009 3447 1226 3521 mortuoque
1269 3433 1487 3525 gnitudine,
1512 3431 1650 3516 forma,
1678 3434 1890 3529 compagine
1906 3435 2066 3527 partium

424 3554 576 3626 corpore
613 3530 758 3619 viride,
785 3528 1016 3623 germinans,
1044 3526 1160 3617 plenis
1192 3548 1227 3596 a·
1269 3529 1365 3601 aliud
1377 3527 1436 3615 esi,
1457 3533 1679 3624 quamprins
1694 3529 1781 3615 fuit,
1808 3546 1932 3599 notura
1944 3552 2063 3603 temen

423 3631 518 3711 rissis
540 3627 708 3719 exsurgit.
757 3626 879 3718 Atque
908 3625 952 3694 ad
967 3627 1042 3693 haec
1065 3624 1225 3715 corporis
1268 3629 1365 3701 idern
1385 3647 1526 3713 manet,
1560 3647 1601 3699 ac
1616 3630 1805 3722 proprium
1829 3651 1959 3722 corpus
1984 3653 2064 3723 pro.

423 3726 574 3800 humani
586 3723 763 3817 principia
781 3719 941 3793 referunt
956 3721 1224 3816 quatientium,
1265 3726 1359 3809 fert,
1385 3748 1457 3795 non
1471 3727 1641 3799 alienum.
1691 3723 1938 3799 concedamus
1952 3750 2064 3814 vero,

417 3844 518 3919 quas
528 3818 706 3914 8p0st01118
730 3819 941 3912 ⁶⁰1p0rib11⁸
955 3816 1105 3902 tribuit,
1131 3839 1225 3888 nova
1266 3823 1366 3896 Pauli
1381 3822 1679 3895 verbotumhanc
1694 3820 1758 3895 esse
1773 3822 2003 3896 sementiam:
2021 3826 2073 3897 se·.

425 3922 513 3996 olim
524 3918 904 4014 pulchritudinemque
914 3912 1232 3987 claritatevestien..
1266 3941 1349 3995 men
1364 3941 1541 4013 perenne,
1570 3919 1946 4016 quodcofporinostm
1962 3925 2061 3995 iuna.

426 4020 503 4107 dis3
519 4003 1232 4115 oduqoiomimiruminiminuitur,
1266 4037 1344 4093 tum
1367 4015 1425 4103 fir,
1463 4018 1694 4111 proditurum
1713 4022 1751 4091 'in
1773 4018 2030 4092 resurret‘iione
2052 4045 2064 4112 3

399 4131 403 4137 '
425 4134 610 4208 totamque
620 4115 777 4186 indolem
787 4111 1017 4206 spiritualem,
1028 4133 1106 4204 quae
1121 4104 1233 4182 effici··-
1268 4116 1495 4189 numexinde
1509 4112 1682 4212 sequitur,
1695 4138 1735 4190 ut
1750 4118 1876 4188 animae
1892 4140 2073 4212 tanquam.

426 4213 577 4301 at‚utad
596 4208 1102 4302 summamtenuitetemttque
1114 4206 1226 4280 subti-
1245 4276 1248 4281 .
1265 4208 2073 4310 necessariumintegumentumindiuiduone·-

361 4302 370 4321 ⁸
425 4317 563 4391 litatem
581 4307 747 4395 reddidit,
773 4326 961 4400 nunquam
979 4301 1162 4378 discessuro
1189 4326 1234 4378 a·-
1264 4308 1573 4397 xusociatumso,
1600 4334 1666 4383 nec
1682 4312 1892 4397 solvendum
1905 4312 1950 4384 ab
1968 4319 2062 4387 eain

411 4406 714 4502 nimetespiritu,
737 4403 852 4478 futuri
882 4401 990 4483 seculi
1009 4401 1223 4496 statuipron
1267 4427 1410 4494 morte,
1449 4431 1514 4497 nec
1542 4410 1659 4483 denuo
1676 4432 1822 4483 cumea
1840 4412 2072 4507 coniungen-·

409 4511 483 4587 ‚sue
515 4506 750 4591 conveniant..
792 4501 869 4576 Sed,
886 4500 997 4573 valde
1022 4501 1234 4575 verendum.
1266 4505 1377 4579 dum..
1399 4500 1588 4600 Denique,
1613 4510 1795 4600 quomodo
1808 4507 1970 4603 superior
1984 4510 2074 4599 isio„

408 4605 495 4695 est,
517 4627 562 4675 ne
576 4605 643 4677 hac
661 4596 1134 4694 rationeverbaapostoliin
1150 4595 1229 4670 sen·
1266 4602 1546 4697 quamviditnus
1557 4653 1578 4690 ,,
1595 4602 1680 4678 diiii
1693 4607 1839 4700 ptuii'ni
1853 4610 2065 4702 interpreta-

424 4696 1222 4779 tentiamementeeiusalienarutemeretera
1264 4701 1835 4796 tioocumreliquisapost'oliscitis
1846 4705 2063 4781 demortuo.

407 4820 558 4878 rentur·
610 4793 707 4869 Nam
714 4797 823 4888 primo
843 4814 915 4864 uon
940 4794 983 4869 de
1004 4792 1231 4887 corpore-to·-
1267 4796 1843 4874 rum.resuscitatione.conciliari
1860 4822 2000 4898 queat,
2027 4809 2062 4879 id

425 4894 570 4998 quitur,
595 4887 922 4989 animaestosimpost
935 4892 1234 4964 mortemadiun··
1267 4895 1416 4989 quidem
1438 4919 1594 4986 eorum,
1630 4901 1750 4995 quiin
1773 4912 1850 4971 rem
1877 4901 2061 4981 suamhoc

426 5001 507 5086 do,
534 4991 592 5067 sed
607 4989 729 5061 divina
742 4990 876 5063 virtute
894 4987 1112 5063 infuturum
1125 4986 1230 5061 resti.
1265 4990 1588 5087 didoabusr.sunt·,..
1603 5000 1766 5094 periculo
1787 5000 2071 5078 committimus..

422 5094 557 5173 tuendo
571 5088 916 5179 atque-innovando.-
937 5086 1064 5159 Deiode
1078 5107 1220 5183 comptu
1602 5087 1754 5185 §3‚‘xvl·.

407 5181 1232 5282 ,rationemrorporis‘defundi'cumfrumen·.
1376 5190 1573 5289 Astron„
1604 5197 1931 5292 quodzauferunm
1961 5198 2072 5273 soora,

402 5284 656 5391 'indiminuto
669 5304 801 5394 ooneo
814 5272 1234 5384 ffre.adhibet;„ut;tot.··-
1262 5280 2075 5388 sertanaeoestinininmonn.cor..v„.1;·t..

274 5556 434 5622 Α
