4934 6392
500 674 579 754 214
993 658 1143 767 tocvs
1170 657 1318 734 xxvn.
1345 601 1567 735 mount.
1588 648 1723 727 secr.
1748 653 1809 726 xi.

418 868 420 875 ’
503 856 557 913 tes
577 828 716 911 sandios
737 833 902 935 religiose
924 839 1093 915 invocare
1116 842 1212 914 iicet.
1263 842 1325 931 8.)
1364 836 1523 924 audivit,
1553 853 1793 932 ergononox
1811 828 2196 927 gmriaaemisericor·
2228 862 2235 885 2

502 934 723 1009 Invenimus
753 937 866 1031 igitur
888 936 1099 1014 Bellarmini
1131 961 1325 1036 argumen.
1366 937 1425 1009 dia
1446 958 1506 1008 eos
1524 934 1722 1008 exaudivit.
1771 932 1872 1003 Ratio
1892 928 2193 1017 connexionecsi,
2233 974 2236 987 ·

504 1053 602 1111 tum:
638 1035 747 1109 illurn
769 1033 883 1109 solum
903 1038 939 1107 in
962 1038 1134 1113 nonrest.
1155 1026 1324 1112 inuocare
1366 1036 1454 1132 quia
1485 1037 1658 1107 merirum
1686 1038 1720 1103 δι
1748 1027 1996 1105 misericordia
2032 1031 2192 1127 gratuita

261 1160 267 1169 ·
308 1148 312 1161 ·
357 1094 384 1221 J
506 1132 703 1221 debemus,
730 1155 841 1229 quem
855 1137 907 1231 pii
919 1157 993 1208 vet.
1008 1138 1082 1212 test.
1103 1140 1141 1210 in
1155 1136 1225 1208 suis
1244 1159 1324 1232 pre·
1358 1132 1690 1209 suntsrbiinvicem
1721 1125 1888 1223 opposita.
1938 1128 2058 1227 Atqui
2072 1126 2193 1215 conse·

508 1228 611 1304 cibus
626 1233 851 1306 invocarunt.
900 1236 977 1309 lam
994 1259 1081 1317 vero
1101 1238 1155 1331 pii
1177 1255 1247 1307 vet.
1273 1255 1321 1305 te·
1366 1253 1481 1326 quens
1500 1249 1678 1326 repugnat
1696 1226 1865 1313 omnibus
1879 1246 2040 1323 precum
2053 1225 2192 1301 formu·

504 1327 668 1405 {lamenti
690 1331 822 1404 utente
843 1331 1063 1407 Bellarmino
1084 1358 1155 1408 non
1183 1336 1328 1406 invoca·¹
1368 1333 1413 1403 lis
1434 1331 1472 1401 in
1500 1331 1615 1401 veteri
1635 1325 1842 1398 testamento
1861 1328 2063 1415 adnotatis,
2091 1328 2193 1423 quip-

506 1448 594 1503 runt
620 1426 782 1515 sanctos,
835 1430 891 1503 sed
914 1432 1029 1505 solum
1048 1456 1178 1506 verum
1195 1432 1326 1504 Deum.
1344 1494 1346 1499 .
1367 1452 1413 1524 pe
1433 1429 1471 1499 in
1490 1427 1622 1522 quibus
1641 1427 1685 1498 ad
1711 1423 2082 1500 Delmiserico'rdiar'u
2112 1426 2191 1522 uni·

505 1524 604 1623 Ergo
624 1534 657 1600 dt
672 1549 738 1600 nos
754 1530 792 1601 in
807 1550 891 1602 nov,
900 1530 974 1604 test.
995 1555 1068 1605 non
1085 1530 1243 1617 sandius,
1270 1531 1328 1603 sed
1368 1549 1408 1599 ce
1426 1546 1653 1621 provocant,¹
1672 1526 1837 1619 quinimo
1856 1522 1928 1621 ipse
1948 1522 2191 1627 Bellarminus

506 1621 624 1699 solum
648 1647 779 1700 verum
800 1627 920 1701 Deum
942 1630 1111 1704 invocare
1140 1629 1325 1703 debemus.
1366 1627 1406 1697 in
1422 1621 1570 1721 ἐργασίᾳ
1586 1624 1693 1695 huius
1712 1623 1921 1719 argumenti
1932 1621 2084 1709 ¹scribit,
2118 1624 2190 1695 Mo·
2218 1706 2223 1717 .

429 1798 434 1805 ,
506 1723 560 1817 9.)
586 1724 624 1796 si
642 1725 694 1821 pii
714 1724 868 1799 ventes.
887 1726 1036 1825 prtipter
1050 1730 1177 1802 merita
1194 1725 1326 1801 sensio·
1358 1725 1440 1818 sen,
1464 1727 1634 1796 luentium
1649 1720 2190 1809 &alumnumalumnum

506 1840 592 1895 rum
620 1825 802 1897 maiorum
832 1822 899 1897 sese
932 1829 1096 1900 exaudiri
1127 1820 1326 1921 peiierunt,
1367 1817 1718 1919 dittrefoifftfitiiros:
1768 1821 1884 1908 Deus,
1908 1818 2193 1916 qoifarisniseri-

504 1919 634 2016 utique
667 1922 895 1997 crediderunt
925 1926 1074 1999 illorum
1106 1927 1234 1997 merita
1267 1922 1327 1994 sibi
1370 1919 1786 2005 rorulentumilliiusiis,
1808 1923 1863 2012 qut·
1879 1922 2080 2015 diligentie.
2122 1920 2190 2015 13.)

505 2022 768 2093 communicari
784 2016 888 2118 posse.
909 2021 1007 2097 “Sed
1025 2025 1245 2119 consequens
1257 2045 1327 2092 non
1369 2021 1509 2094 Falsum
1523 2017 1570 2091 esi
1585 2018 1683 2114 quod
1702 2016 1787 2090 Psal.
1802 2015 1968 2090 cxxxii.
1990 2038 2049 2091 ro.
2105 2019 2194 2089 Salo·

506 2113 760 2192 habetlocum.
809 2122 983 2216 Ergonec
996 2125 1220 2194 antecedens.
1246 2124 1328 2192 Pro·
1370 2145 1445 2190 mon
1470 2131 1606 2213 propter
1640 2118 1912 2187 meritaDavidis
1932 2120 2043 2209 priris
2054 2116 2195 2213 saisost

506 2208 612 2285 batur
631 2217 835 2309 adsumtum,
863 2221 948 2313 quia
967 2218 1246 2294 communicatio
1268 2221 1330 2290 illa
1370 2222 1521 2290 exaudiri
1537 2226 1641 2311 petat.
1693 2214 1780 2287 Orat
1801 2214 1954 2299 enimin
1973 2215 2037 2287 illo
2056 2214 2192 2289 Psalmo

506 2308 602 2384 faita
628 2312 743 2387 fuisset
769 2337 829 2388 aut
856 2318 1012 2413 inlaesioe
1036 2341 1097 2391 aut
1126 2321 1327 2410 imputative.
1369 2340 1442 2389 non
1457 2318 1649 2409 Salomon,
1687 2310 1985 2409 sedipseDavid‚
2036 2334 2079 2387 ut
2101 2332 2194 2408 patet

505 2408 610 2481 Prius
627 2413 696 2484 dici
712 2416 850 2511 nequir,
878 2418 963 2510 quia
977 2419 1210 2513 propria-non
1226 2438 1327 2512 egre·
1370 2435 1448 2488 tum
1469 2438 1514 2487 ex
1530 2417 1648 2501 titulo,
1676 2412 1762 2505 quia
1776 2431 1926 2483 vocatur
1937 2413 2101 2515 conticente
2113 2436 2194 2508 gra·

507 2502 656 2583 diuntur
675 2511 779 2584 suum
796 2511 1006 2587 subtectum.
1067 2515 1240 2589 Posterius
1263 2516 1325 2586 sal·
1368 2517 1491 2601 duum,
1515 2517 1602 2585 iam
1623 2532 1709 2582 vero
1732 2507 1857 2602 psalmi
1875 2510 2059 2606 graduum
2077 2508 2194 2586 dreni·

506 2604 782 2681 vislesuitarum
795 2612 1043 2705 hypothesibus
1065 2614 1189 2686 iridem
1201 2614 1328 2706 nequit
1367 2633 1493 2709 ppopot
1517 2611 1594 2684 sunt
1611 2606 1792 2692 Doridis,
1867 2627 1946 2680 tum
1967 2614 2197 2715 exorareris,

508 2702 600 2791 dici,
629 2710 713 2800 quie
727 2709 844 2780 rident
860 2712 1134 2805 imputationem
1157 2713 1328 2783 meriti&
1369 2714 1456 2805 quia
1490 2713 1533 2782 de
1578 2730 1668 2781 arcae
1705 2703 1884 2777 foederalis
1921 2708 2194 2799 deportatione,

506 2798 645 2875 iustitiae
661 2798 808 2891 Christi,
850 2828 961 2901 quam
982 2809 1250 2893 nostraedoccnt
1274 2832 1328 2879 ec·
1368 2809 1495 2903 templi
1507 2804 1759 2888 aedificatione,
1784 2804 2098 2905 regni&seminis
2114 2830 2194 2903 pro·

508 2899 631 2991 clestae,
659 2906 771 2977 multo
789 2907 900 3001 igitur
917 2909 1035 2977 minus
1052 2907 1328 3002 imputationem
1369 2906 1527 2977 missione
1541 2904 1673 2976 Daridi
1689 2898 1782 2973 fadia
1808 2900 1954 2993 tradam
2004 2904 2135 3002 conset
2160 2931 2193 2985 2.

507 3000 900 3074 meritorumasandiis
927 3004 1164 3099 praestitorum
1178 3002 1328 3076 statuere
1368 3004 1561 3097 Reg.Vll.
1590 3012 1622 3074 δι
1642 3002 1686 3072 ll.
1712 3000 1821 3072 Parui.
1837 2998 1915 3071 XV.
1941 3020 2021 3073 tum
2050 3026 2098 3075 ert
2116 3030 2194 3099 pro·

489 3102 685 3188 ”poterunt
755 3102 834 3194 ιο.)
861 3102 898 3172 Si
922 3104 1130 3197 patriarche
1160 3122 1230 3172 vet.
1255 3100 1328 3174 test.
1366 3102 1595 3194 botiffimorom
1615 3102 1827 3190 interpretum
1857 3096 2106 3193 ludificatione,
2158 3108 2210 3194 in„

505 3190 764 3284 Abrahamus,
827 3198 963 3273 isaacus
990 3208 1024 3273 dt
1048 3201 1196 3273 lacobus
1222 3202 1328 3273 tantis
1370 3223 1530 3294 quorum
1551 3220 1704 3272 numero
1734 3198 1842 3293 eriam
1865 3194 1944 3269 sunt
1962 3202 2125 3294 quidam
2151 3210 2194 3275 e'x

506 3288 921 3385 abundarunt'meriris,
979 3320 1167 3372 uteorum
1188 3297 1327 3371 studius
1370 3298 1452 3393 ipss
1470 3297 1678 3394 pontificiis.
1726 3294 1856 3388 Neque
1876 3318 2104 3393 quemquam
2123 3322 2196 3374 tur.

506 3389 616 3465 etiam
641 3395 685 3466 ad
711 3393 868 3489 posteros
891 3397 1008 3469 redire
1033 3398 1209 3490 potuerit,
1264 3417 1329 3466 cur
1371 3396 1450 3482 bet,
1480 3398 1578 3493 quod
1591 3396 1708 3467 David
1724 3394 1766 3465 de
1783 3392 1814 3464 se
1827 3395 1863 3465 in
1878 3398 1976 3464 tertio
1986 3395 2126 3492 persono
2144 3404 2206 3474 lu·-

505 3485 620 3582 igitur
640 3492 795 3587 ablegati
817 3493 918 3565 fuere
943 3496 981 3566 in
1007 3495 1209 3581 limbum„
1232 3514 1328 3567 tene·
1372 3516 1523 3591 quatur,
1552 3492 1723 3589 quodque
1739 3492 1909 3563 Salomon
1927 3494 2050 3568 verbis
2065 3503 2191 3573 exhoc

507 3582 687 3661 bricosum
707 3593 810 3661 illum
827 3602 1028 3681 carcerem,
1055 3593 1091 3691 in
1104 3614 1184 3687 ¹quo
1198 3615 1219 3664 a
1234 3597 1329 3668 clara
1370 3594 1504 3687 psalmo
1521 3594 1640 3690 petitis
1662 3593 1699 3662 in
1722 3591 1943 3663 dedicatione
1963 3612 2038 3664 tem
2066 3596 2095 3668 li
2118 3620 2192 3671 uta·

509 3681 720 3777 &beatifica
735 3689 864 3760 divinae
880 3687 1029 3763 essentiae
1045 3692 1178 3762 visione
1194 3691 1329 3765 exsula-
1370 3710 1429 3763 tur
1451 3718 1482 3768 2.
1501 3690 1613 3764 Parai.
1631 3689 1690 3762 Vi.
1710 3712 1771 3782 42.
1797 3690 1898 3784 prius
1919 3690 2019 3762 enim
2036 3618 2076 3767 st
2091 3697 2192 3769 usita·
2234 3764 2235 3775 ,

446 3934 454 3947 .
508 3882 666 3963 exauditi
692 3881 769 3955 sunt
789 3907 936 3981 propter
950 3889 1079 3960 merita
1094 3886 1239 3962 suorum
1255 3908 1329 3961 ma·
1370 3883 1551 3982 templum
1563 3881 1764 3959 successerat
1783 3887 1821 3956 in
1839 3884 1962 3959 locum
1980 3887 2190 3967 tabernacu-

507 3974 650 4065 iorum,
671 4002 758 4077 ergo
769 3982 926 4062 Cluilius
945 4007 1017 4057 non
1031 3984 1077 4057 est
1091 3985 1183 4059 solus
1198 3995 1231 4059 dt
1249 3989 1328 4059 uni·
1369 3987 1418 4071 li,
1444 4006 1485 4058 ac
1510 3986 1635 4057 similia
1657 3987 1822 4080 quaedatn
1835 3982 2011 4059 habentur
2024 3986 2191 4067 Numll.

510 4093 574 4146 cus
594 4079 772 4151 mediator
790 4084 1036 4155 redemtionis.
1088 4088 1190 4157 Ratio
1218 4110 1329 4157 ronne·
1373 4107 1429 4182 14.
1493 4084 2098 4177 Theodoretum.interpretationis
2126 4090 2190 4165 sue

508 4174 697 4263 xionirest,
725 4180 810 4272 quie
827 4186 1077 4255 meritinomen
1103 4206 1328 4257 nonranrum
1370 4180 1556 4255 audiorem
1569 4179 1654 4251 falso
1673 4180 1850 4254 constituit
1862 4180 2122 4276 Bellarminus‚
2149 4191 2191 4265 sie

508 4270 809 4364 intercesfioncm,
851 4278 908 4351 sed
925 4282 1032 4355 etiam
1047 4282 1328 4368 redemtionem,
1372 4281 1469 4351 enim
1485 4278 1616 4351 habent
1633 4278 1741 4376 ipsius
1762 4277 1892 4353 verba:
1942 4282 2052 4377 quts
2069 4287 2191 4380 serm
2232 4358 2235 4369 .

506 4369 758 4448 liberationem
775 4386 809 4450 ὅ(
823 4380 1002 4462 auxilium
1018 4400 1039 4450 a
1055 4378 1181 4455 sanffl,
1202 4382 1329 4475 implo.
1370 4377 1564 4472 existimouit
1584 4380 1730 4448 idoneum
1743 4382 1787 4449 ad
1802 4377 1997 4469 placandam
2012 4383 2081 4455 Dei
2093 4382 2190 4477 irem,

507 4489 629 4541 ratum
651 4473 829 4569 importat.
897 4477 974 4551 lam
999 4499 1085 4550 vero
1108 4477 1328 4573 consequens
1371 4475 1428 4548 sed
1442 4498 1566 4573 preces
1588 4478 1696 4548 etiam
1712 4474 1863 4563 obtulit,
1889 4476 2026 4553 iaciens
2042 4488 2190 4579 patriar·

507 4586 687 4661 repugnat
712 4597 785 4645 non
806 4575 929 4649 ¹solum
959 4574 1181 4671 scripturae,
1212 4594 1327 4672 'quae
1371 4568 1520 4647 cherum
1547 4576 1769 4663 mentionem
1789 4576 2080 4653 &iurisiurandi
2106 4606 2190 4679 prae·

508 4659 687 4741 Christum
709 4675 860 4747 unicum
883 4677 1119 4748 mediatorem
1139 4684 1173 4748 dt
1190 4681 1328 4749 redem-
1369 4673 1456 4760 stiti,
1483 4683 1516 4744 ὅ(
1536 4696 1579 4745 Πθ
1600 4664 1703 4766 ΡἎᾶἃ
1725 4674 1993 4758 disimfflflfflfr
2019 4674 2191 4776 supplica·

370 4840 383 4865 χ
507 4761 615 4836 tionis
634 4766 939 4845 &intercessionis
966 4793 1040 4847 tam
1063 4776 1099 4844 in
1127 4798 1198 4848 vet.
1217 4799 1329 4870 quam
1369 4774 1434 4856 vit,
1463 4794 1543 4865 quae
1562 4773 1805 4865 interpretatio
1820 4792 1904 4845 curu
1922 4770 2039 4849 nostra
2054 4782 2192 4857 adam.

470 4936 476 4947 ¹
508 4881 592 4933 nou.
613 4865 686 4939 tesi.
701 4865 806 4939 nobis
823 4873 1012 4965 proponit,
1044 4873 1282 4946 1.'Timotl1.ll.
1291 4898 1327 4968 4.
1367 4870 1470 4943 uffim
1492 4869 1671 4964 congruit.

505 4956 598 5032 Heb.
611 4963 720 5036 xiil.
740 4978 773 5047 8.
798 4966 912 5062 Apoc.
926 4970 1034 5042 Xlll.
1052 4980 1086 5052 8.
1102 4981 1164 5045 &c
1204 4974 1261 5047 sed
1279 4994 1328 5045 et·
1467 4988 1497 5061 §.
1510 4974 1721 5060 cccclvi.
1736 4976 1795 5069 ll.)
1808 4968 1917 5050 Com·

508 5058 584 5130 iam
613 5061 862 5157 hypothesibus
886 5067 1109 5162 pontificiis,
1160 5096 1240 5169 quic
1266 5068 1329 5144 sia·
1367 5076 1598 5168 pellationem
1619 5076 1834 5147 viventium.
1872 5078 1916 5146 Io
1967 5102 2192 5189 mmmm

447 5180 450 5184 “
506 5174 612 5231 ruunt
632 5158 810 5235 Christum
835 5162 901 5236 elle
924 5170 1075 5240 unicum
1092 5172 1329 5252 mediatorem
1369 5187 1503 5269 utroque
1521 5172 1703 5259 testamento
1720 5173 1822 5267 stupe
1836 5176 1916 5275 legi·
1963 5208 1981 5248 a
2039 5189 2190 5253 viventum

503 5276 577 5327 non
604 5259 754 5351 quidem
775 5263 1027 5337 intercessionis
1049 5266 1105 5339 sed
1128 5289 1247 5340 tamen
1273 5279 1334 5339 rei
1369 5276 1918 5345 mesvioentesaot'vmtiousiwo·
1957 5267 2031 5350 sm
2063 5274 2191 5342 imae.

505 5355 712 5433 demtionis.
764 5364 848 5457 η.)
875 5364 912 5435 Si
929 5364 1028 5436 Deus
1049 5388 1196 5461 propter
1220 5369 1329 5441 meri·
1367 5385 1470 5447 tator.
1540 5372 1629 5449 Non
1662 5394 1693 5447 t.
1713 5374 1808 5445 Sam.
1825 5373 1914 5447 Vll.

507 3796 547 3851 re
570 3780 645 3853 iussi
665 3782 787 3856 fuere?
843 3791 926 3876 11.)
953 3791 991 3861 Si
1017 3788 1141 3861 fideles
1169 3812 1239 3861 ver.
1258 3788 1328 3861 test.
1370 3790 1601 3886 rescripturus
1622 3786 1759 3882 phrasi,
1786 3784 1960 3880 posterius
1974 3790 2080 3879 ideo,
2108 3798 2191 3889 quia

505 5469 544 5529 ta
559 5455 743 5535 maiorum
760 5464 842 5561 pios
863 5462 903 5535 in
914 5464 1028 5538 veteri
1045 5463 1251 5543 testamento
1267 5490 1327 5542 ex·
1366 5474 1475 5545 dicent
1483 5471 1552 5571 filii
1568 5470 1672 5575 israel
1686 5472 1943 5578 adiunctum:
1961 5414 2190 5593 Netifflspip
2227 4966 2236 5533 1

1590 5774 1604 5811 ,ι
1677 5780 1704 5815 ἱ
1793 5758 1799 5773 ·
