4934 6392
404 716 479 778 roo
848 733 856 765 ·.
873 670 1023 781 roevs
1052 703 1198 781 xxvn.
1225 704 1325 781 cot.
1348 702 1446 779 vtu.
1470 696 1602 778 ster.
1623 700 1694 778 tn.

404 911 513 979 nem,
540 884 816 983 necprobatum
839 886 987 986 aliquod
1008 874 1218 989 exemplum
1259 893 1357 965 aliud
1378 847 1712 986 aguntpontificii,
1732 906 1845 981 quam
1863 908 1904 960 ut
1930 848 1994 961 iub
2021 849 2086 959 m·

288 1031 292 1038 ·
344 1066 346 1071 ,
404 991 446 1060 de
458 985 660 1061 sandlorutn
676 987 901 1061 invocatione
916 992 1020 1064 nobis
1035 993 1216 1086 proponit.
1260 993 1358 1065 mine
1378 983 1514 1071 lentiore
1533 988 1773 1061 idololatriam
1786 984 1886 1059 suam
1901 987 2087 1061 occultent

402 1083 538 1159 Polienc
561 1107 688 1157 omnes
713 1086 910 1160 idololatrae
940 1092 1009 1163 hoc
1039 1090 1220 1162 schemate
1260 1110 1367 1186 atque
1396 1090 1554 1184 pallient.
1609 1090 1665 1172 3)
1687 1085 1839 1173 Quando
1873 1086 1990 1182 igitur
2022 1096 2085 1157 ne-'

402 1184 540 1258 factum
557 1184 660 1256 suum
678 1178 831 1272 ornare,
859 1192 957 1280 quod
976 1214 1046 1260 non
1059 1189 1217 1261 tribuant
1260 1210 1371 1287 gant,
1398 1186 1841 1282 iusttnbioruminvocatione
1864 1186 2085 1271 idololatrium

403 1286 456 1358 tlli
480 1280 644 1370 obiecto,
675 1286 772 1377 quod
795 1288 944 1358 adorant
962 1288 1139 1359 summam
1159 1309 1218 1359 ex·
1258 1288 1326 1383 asc
1346 1290 1497 1369 cetnnittt'
1517 1335 1529 1374 ,
1550 1298 1724 1379 propterca
1742 1280 1826 1379 quod
1845 1309 1909 1354 nott
1931 1285 2083 1355 tribuant

404 1383 605 1456 cellentiam
635 1390 668 1455 δι
692 1385 869 1457 honorem
895 1384 959 1460 soli
978 1388 1055 1458 Deo
1078 1386 1216 1458 summo
1250 1388 1537 1483 fhnliisdioinam
1568 1383 1616 1458 tv
1639 1383 1803 1479 infinitam
1838 1385 2081 1472 excellentiam,

403 1485 570 1555 omnium
583 1502 707 1553 rerum
724 1482 904 1579 principio
921 1487 1133 1580 proprium,
1159 1483 1217 1556 sed
1258 1511 1312 1557 uec
1324 1490 1462 1558 habeant
1481 1486 1549 1556 illos
1564 1508 1628 1578 pro
1636 1488 1774 1579 primo,
1793 1480 1952 1575 sunum,
1976 1494 2083 1554 aetn-

401 1582 613 1656 inferiorem
640 1581 802 1673 aliquam
828 1585 1076 1655 excellentiam
1096 1592 1129 1656 dt
1153 1586 1217 1653 ho·
1257 1613 1298 1656 no
1314 1585 1362 1659 df
1377 1586 1505 1678 infinito
1518 1578 1681 1677 principio
1694 1631 1714 1670 ‚.
1734 1581 1957 1655 obvertimus
1978 1583 2078 1669 illis,

400 1704 529 1753 norem
559 1680 657 1751 civili
679 1679 859 1751 maiorem
885 1733 897 1769 ,
925 1683 1047 1754 divino
1071 1682 1216 1753 inferio·
1258 1687 1355 1779 quod
1374 1684 1467 1757 satan
1483 1706 1502 1754 a
1521 1679 1660 1755 Christo
1682 1675 1912 1776 προσκύνησιν
1925 1679 2082 1777 prostra-

399 1803 492 1857 rem.
519 1777 557 1849 si
575 1779 693 1848 omnis
714 1777 866 1874 tarpeia
883 1803 1022 1853 tantum
1043 1780 1215 1852 istisduo·
1257 1787 1417 1870 tionem,
1441 1782 1711 1855 inclinationem
1730 1790 1761 1852 δι
1785 1776 1993 1852 servitutem
2015 1778 2097 1851 fibi·

307 1954 310 1963 ,
399 1877 468 1950 bus
484 1873 607 1961 officiis
623 1877 870 1967 concluditur,
887 1878 1021 1974 summo
1027 1880 1146 1975 scilicet
1161 1902 1215 1948 oo·
1259 1880 1424 1953 exhiberi
1447 1880 1642 1976 flagitans,
1678 1877 1897 1951 Matth.'lV.
1925 1901 1961 1968 9.
1987 1883 2079 1950 Luc.

398 1978 535 2069 bota-tis
544 1974 786 2071 prostratione,
805 1977 852 2050 df
868 1985 955 2065 etus,
970 1986 1053 2072 quod
1066 1976 1216 2077 tarpeia
1256 1981 1318 2052 tv,
1336 2002 1372 2075 7.
1388 2004 1464 2052 non
1477 1978 1619 2073 petebat
1633 1999 1653 2050 a
1673 1973 1811 2064 Christo
1829 1977 1860 2048 se
1875 1977 2002 2050 haberi
2016 1976 2078 2048 ab·

397 2081 539 2163 retitur,
569 2088 607 2147 ut
624 2077 727 2171 print
737 2077 909 2174 principii,
939 2077 986 2152 ξφ
1008 2078 1213 2171 ultimifim's,
1258 2079 1368 2151 solute
1390 2103 1455 2174 pro
1478 2078 1556 2149 Deo
1578 2074 1766 2148 &summo
1784 2076 1963 2172 principio
1983 2126 1995 2163 ,
2025 2077 2078 2148 di·

397 2184 536 2277 adeoqve
565 2177 682 2271 summi
706 2177 752 2252 ΕΤ
775 2181 908 2266 increati
935 2181 1071 2249 entis‘ac
1088 2179 1214 2271 summi
1240 2176 1356 2251 ..cebat
1373 2180 1495 2250 enim:
1512 2177 1588 2245 otili
1606 2175 1926 2273 tradittzjimtregro
1943 2191 2100 2267 terroe,¹

396 2284 469 2353 loni
503 2277 781 2373 adprehenfione,
820 2276 1040 2371 consequens
1077 2276 1211 2362 fuerit,
1253 2278 1491 2349 nihilominus
1514 2294 1633 2369 tamen
1656 2297 1683 2347 a
1702 2270 1840 2347 Christo
1858 2276 2072 2369 repellitur,

381 2378 536 2455 *nullam
549 2376 727 2448 committi
739 2374 1134 2464 idololatriam,nistab
1151 2376 1210 2461 iis,
1253 2376 1339 2447 ac'st
1372 2372 1639 2449 idololatricum
1677 2376 1814 2447 cultum
1847 2370 2074 2467 postulasset,

267 2544 272 2549 .
397 2479 462 2576 qui
475 2498 554 2549 rent
571 2494 801 2561 creatam,ut
814 2476 1215 2570 primumprincipiunr
1252 2475 1510 2570 &opponitur
1542 2473 1597 2544 illi
1635 2476 1845 2557 mandatum
1875 2473 2075 2557 divinum:

393 2600 437 2651 ac
467 2575 649 2647 summunt
676 2571 816 2644 bonum
841 2574 1140 2667 adprehendunt,
1169 2593 1211 2644 ae
1251 2574 1429 2645 Dominum
1449 2573 1557 2642 Deam
1578 2585 1671 2641 teum
1691 2571 1840 2641 adorabis
1869 2569 1915 2644 df
1942 2574 1986 2640 itti
2006 2572 2073 2657 fidi

392 2676 617 2750 voluntatem
639 2671 878 2744 luam'coram
898 2694 939 2742 eo
963 2669 1208 2767 summepro-
1245 2672 1389 2766 servies,
1416 2670 1547 2769 Matth.
1563 2671 1626 2744 lV.
1644 2693 1700 2744 to.
1725 2675 1811 2741 Luc.
1829 2668 1889 2740 IV.
1909 2678 1941 2750 8.
1989 2668 2096 2759 Bel·¹

390 2773 572 2848 sternunt?
613 2770 681 2842 Sed
704 2769 926 2855 consequens·
943 2768 1207 2842 estabsurdum.
1249 2771 1426 2844 larmirus
1448 2771 1679 2867 regerit'cap.
1700 2791 1756 2863 14.
1774 2777 1805 2853 ς.
1828 2790 1884 2843 ιο.
1908 2770 2072 2840 diabolous

391 2873 537 2969 Ergo&
554 2869 778 2941 antecedens.
807 2864 995 2941 Connexio
1012 2867 1207 2962 probatur,
1241 2868 1410 2968 pollulaffe
1434 2897 1455 2941 a
1479 2869 1605 2966 Christo
1627 2895 1661 2943 π
1680 2865 1854 2943 corbeton
1880 2865 2069 2965 insignum

390 2975 479 3066 quia
500 2957 772 3063 dictatorerm
792 2966 837 3040 est
858 2964 1018 3067 λατρείας
1042 2966 1086 3037 ad
1111 2988 1206 3038 crea·
1245 2971 1382 3057 latriae,
1397 2968 1444 3043 δῖ
1456 2972 1594 3061 proinde
1608 2893 1736 3061 perfinia
1761 2970 1924 3037 alatrium
1938 2992 1949 3043 ,·
1965 2971 2070 3061 quod

387 3064 489 3143 curas
509 3077 541 3142 bt
567 3067 690 3141 fidtitia
709 3067 868 3138 ¹numina
883 3067 1080 3138 translatio.
1132 3067 1205 3136 Ad·
1247 3091 1377 3139 verum
1396 3068 1546 3163 quidem
1570 3066 1649 3154 eil,
1676 3067 1699 3138 li
1740 3066 2070 3157 edivinohonore

245 3141 248 3145 ⁴
354 3199 357 3204 ·
387 3167 547 3243 sumtum
565 3166 764 3258 probatur,
787 3167 872 3258 quia
895 3160 1063 3237 Israelitae
1088 3167 1124 3236 in
1142 3191 1205 3248 μο-
1234 3168 1468 3261 accipiatur,
1496 3188 1568 3237 non
1589 3186 1735 3252 autem,
1752 3165 1775 3236 h
1792 3167 1836 3235 de
1849 3167 1999 3259 proprio
2017 3168 2071 3238 di·

355 3326 369 3339 ..
388 3261 840 3364 χοποιΐαιρμοχυλατρειά
852 3267 1114 3335 committentes
1129 3265 1203 3334 ido·
1246 3267 1322 3336 vini
1344 3267 1491 3337 honoris
1509 3262 1649 3336 obietlo
1666 3264 1910 3358 intelligatur,
1939 3264 1974 3336 id
1992 3262 2075 3351 eil,¹

387 3364 568 3439 lolattiam
589 3368 661 3434 n'on
682 3363 783 3435 fuere
803 3382 876 3433 tam
896 3363 1122 3445 vecordes&
1143 3360 1203 3432 ab·
1245 3362 1380 3435 satanas
1399 3365 1515 3435 voluit
1538 3363 1600 3435 fibi
1621 3364 1787 3435 divinum
1812 3362 1879 3433 live
1896 3362 1973 3433 Deo
2001 3362 2066 3436 loli

385 3462 484 3538 surdi
498 3492 510 3550 ς
526 3484 565 3534 ut
582 3463 741 3533 vitulum
755 3481 837 3533 ante
847 3463 1018 3555 pauculas
1034 3459 1149 3531 horas·
1158 3484 1202 3531 ex
1243 3459 1435 3556 proprium
1462 3465 1637 3532 honorent
1652 3461 1794 3553 deferri
1814 3512 1825 3548 ,
1850 3484 1916 3531 nee
1938 3482 2064 3534 tamen

274 3564 281 3571 ’
385 3585 474 3635 auro
494 3561 616 3635 fusum
642 3559 812 3632 haberent
834 3580 901 3654 pro
918 3559 1057 3630 summo
1088 3567 1120 3630 δι
1149 3561 1199 3629 in·
1243 3561 1276 3633 se
1295 3552 1505 3655 pto‘primo
1529 3568 1563 3631 δι
1584 3559 1722 3632 infinito
1752 3564 1916 3633 omnium
1936 3582 2063 3634 rerum

278 3656 282 3661 ’
386 3680 502 3753 creato
521 3658 826 3729 omniumrerum
840 3659 1046 3753 principio,
1072 3681 1136 3729 nec
1152 3658 1199 3729 san
1242 3660 1420 3754 principio
1445 3660 1670 3745 venditavit,
1701 3657 1757 3730 sed
1781 3659 1895 3731 voluit
1917 3658 2069 3733 Christo·

385 3761 504 3831 niores
520 3756 672 3852 gentiles
688 3757 844 3852 lignis&
862 3756 1041 3850 lapidibus
1057 3761 1124 3828 hoe
1137 3759 1197 3828 tri·
1240 3756 1473 3852 persuadere,
1497 3756 1618 3829 Deum
1633 3756 1980 3829 administrationem
1994 3762 2060 3831 h'u-

384 3855 570 3942 buebant,
598 3858 696 3946 quod
719 3849 825 3925 eilent
860 3857 1021 3948 primum
1048 3864 1080 3928 &
1104 3855 1197 3932 sum·
1240 3855 2067 3937 iusmundi&distributionembonorumtem..

383 3976 488 4026 mum
520 3953 685 4025 omniurn
706 3974 831 4025 return
855 3954 1076 4047 principium
1101 4003 1112 4040 ,
1139 3953 1197 4025 sed
1239 3957 1420 4049 poralium
1435 3977 1507 4024 non
1526 3960 1678 4038 e'urare,
1706 3954 1858 4026 sedeam
1878 3955 2057 4052 tibiutpo-

315 4120 320 4125 .
384 4054 529 4147 tutique
550 4051 746 4124 voluerunt
766 4051 886 4124 Deum
912 4052 991 4122 coeli
1019 4073 1196 4147 terraeque
1240 4073 1272 4124 te
1290 4055 1397 4125 huius
1419 4055 1547 4124 muhdi
1562 4054 1718 4147 principi
1735 4051 1869 4124 cellrlle.
1920 4050 2079 4128 Confer·
2101 4047 2108 4143 f

383 4172 582 4224 creatorem
603 4175 668 4245 per
689 4154 752 4239 has
769 4149 948 4245 imagines
974 4152 1116 4236 colere,
1143 4150 1196 4221 ni·
1237 4152 1353 4224 barm.
1370 4175 1500 4248 evang.
1516 4175 1592 4246 cap.
1612 4151 1708 4222 XJX.
1727 4176 1763 4245 p.
1779 4174 1840 4244 49.
1891 4154 1931 4246 4)
1960 4149 2059 4226 Con-

381 4253 456 4322 hilo
474 4271 593 4325 tamen
617 4252 738 4323 minus
759 4250 905 4342 utrique
928 4250 1137 4320 idololatriae
1157 4252 1195 4320 in
1239 4253 1401 4324 cedimus
1421 4253 1599 4344 quidem,
1626 4252 1736 4322 aliam
1752 4247 1816 4321 elle
1834 4252 2057 4325 maiestatem

379 4346 564 4442 scripturis
580 4348 818 4431 adcusamur,
845 4347 904 4417 itti,
916 4348 1065 4441 quidem
1080 4350 1193 4419 Exod.
1238 4347 1345 4420 lolius
1368 4351 1446 4422 veri
1458 4349 1526 4421 Dei
1540 4351 1750 4443 propriam,
1776 4350 1886 4439 aliam
1898 4352 2057 4447 dignita·

379 4449 523 4537 XXXII.
552 4472 587 4542 4.
611 4455 646 4519 ὃ(
663 4447 758 4542 seqq.
790 4470 821 4519 r.
845 4447 934 4541 tteg.
955 4440 1042 4516 Xll.
1070 4458 1130 4527 28.
1146 4448 1195 4518 >bi
1237 4467 1310 4518 tem
1325 4456 1358 4519 δι
1375 4449 1624 4521 excellentiam
1640 4449 1856 4543 angelorum
1871 4456 1904 4519 δι
1919 4448 2057 4521 sanbo—
2073 4483 2076 4489 ·

379 4570 467 4618 vero
489 4543 593 4619 Rbm.
610 4548 634 4616 l.
653 4563 711 4629 23.
764 4546 806 4631 2)
831 4541 885 4613 De
907 4566 948 4614 eo
972 4567 1044 4615 non
1071 4544 1193 4617 sumus
1235 4566 1320 4617 rum
1336 4550 1373 4617 in
1391 4548 1466 4619 vita
1485 4567 1644 4634 aeterna,
1678 4547 1787 4618 eliam
1802 4547 1996 4619 hominum
2014 4551 2055 4621 in

264 4650 269 4655 ’
380 4648 579 4719 admodum
597 4644 748 4728 soliciti,
774 4664 847 4737 quo
862 4644 1039 4714 vocabulo
1056 4647 1193 4715 cultum
1236 4645 1301 4716 hac
1321 4649 1414 4733 vita,
1441 4667 1482 4717 ac
1497 4645 1772 4741 proindealium
1798 4645 1957 4732 cultum,
1986 4670 2057 4742 pu·

265 4785 271 4791 -
310 4728 319 4741 ¹
379 4746 509 4831 illum,
536 4766 645 4838 quem
668 4741 793 4814 [antiis
811 4739 1192 4828 refundendorum,
1237 4762 1271 4813 ta
1293 4740 1598 4840 religiosum'&in
1617 4744 1735 4838 prima
1753 4744 2053 4839 decalogitabula

376 4842 553 4942 pontificii
586 4843 818 4912 denominent
840 4887 851 4924 ,
879 4837 935 4911 sed
955 4842 1043 4934 quid
1073 4840 1193 4913 secun·
1234 4841 1492 4937 prescriptum
1513 4840 1576 4913 soli
1599 4843 1675 4912 Deo
1694 4843 1854 4927 ,alium
1872 4845 2052 4916 honorem

277 4999 283 5007 -
379 4945 467 5018 dum
485 4940 636 5035 Spiritus
657 4938 768 5031 seneli¹
783 4938 960 5009 iudicium
987 4941 1023 5008 in
1047 4938 1191 5032 scriptu·
1235 4939 1412 5013 defundis
1426 4935 1699 5027 sanetis,alium
1713 4938 1968 5014 viventibusin
1982 4964 2056 5017 ter-

378 5045 429 5116 ris
452 5040 650 5112 revelatum
675 5042 717 5108 de
741 5060 783 5107 eo
807 5035 845 5108 stt
868 5039 1191 5130 pronunciandum.
1234 5059 1274 5110 ra
1295 5041 1507 5111 hominibus
1529 5038 1763 5111 tribuendum
1792 5034 1880 5125 effe,
1908 5044 1945 5113 in
1973 5065 2052 5136 quo

378 5144 431 5215 Ea
451 5158 537 5211 vero
567 5135 749 5207 manifeste
782 5137 917 5222 docet,
951 5136 1192 5206 idololatriam
1232 5137 2049 5233 probandoBellarminusprolixam,ledfru-

378 5237 470 5325 eile,
497 5235 654 5307 ircultus
675 5234 849 5329 religiosae
870 5233 1106 5305 invocationis
1126 5232 1190 5305 soli
1231 5233 1407 5323 straneam
1425 5239 1526 5330 ponit
1540 5256 1773 5331 operamcap.
1792 5260 1848 5322 13.
1868 5238 1927 5311 led
1949 5262 2052 5323 exeo

369 5339 456 5418 ¹Deo
480 5333 724 5427 debitusaliis
743 5331 930 5408 tribuatur·
978 5329 1082 5408 Nihil
1099 5354 1187 5431 ergo
1229 5336 1331 5412 nulla
1345 5334 1883 5435 consequentiaelegeinfettur,
1907 5336 2052 5513 sanqps

996 5494 999 5499 .
1563 5506 1565 5511 .
1742 5504 1745 5512 .
2029 5458 2054 5511 e
