4934 6392
265 580 268 585 ’
375 660 450 745 ata
700 640 882 725 tocvs
912 640 1079 719 xxvtt.
1135 574 1463 727 cueurvttt.
1512 640 1830 727 stertunt.

375 824 529 897 iteratur
543 821 671 923 fauore
697 822 852 924 alicujus,
885 825 939 897 uei
953 844 1015 916 per
1051 844 1068 890 a
1084 820 1229 920 sagittat
1276 826 1416 901 debitara
1436 849 1537 925 usqae
1553 828 1597 897 ad
1619 826 1815 922 uouiffiemtn
1839 826 2050 922 quadrantem
2068 850 2151 924 per·

378 920 426 999 85
447 924 531 996 nituit
543 922 691 1014 sntuaet.
741 921 872 995 Deinde
877 922 913 1023 fi
931 922 1000 998 citr'
1037 921 1230 1019 ostonistu·
1267 923 1427 1024 soluerit.
1475 928 1547 1011 Jam
1563 946 1643 996 uero
1657 926 1788 997 rellatut
1799 944 1868 996 tota
1881 920 2050 1020 scriptura,
2071 928 2147 1023 poll

378 1025 480 1097 triario
504 1035 542 1093 tet
561 1024 743 1119 probabilis
763 1025 863 1117 recipi
885 1025 1017 1106 debeat,
1046 1021 1155 1118 soluta
1182 1044 1233 1091 re·
1279 1026 1363 1097 bartc
1384 1030 1485 1096 uitam
1510 1020 1665 1095 nouella
1690 1020 1882 1120 sperandam
1902 1045 1966 1131 pro
1990 1040 2148 1120 peccato-

378 1124 442 1215 eipe'
459 1118 546 1217 poffe
566 1124 691 1217 proiit
712 1121 836 1208 aredis,
860 1140 928 1217 qteae
946 1118 1234 1193 bobentueMattlt.
1280 1146 1356 1199 rum
1377 1123 1490 1193 debito
1515 1118 1788 1209 latitiadlionem,
1817 1145 1877 1191 nec
1898 1119 2149 1195 reconciliatio-

384 1223 434 1297 V.
449 1246 515 1291 nou
527 1236 632 1293 autem
645 1244 710 1313 pro
726 1223 785 1303 iit,
813 1239 881 1317 qtae
893 1220 1053 1292 ltabeutur
1069 1229 1147 1291 Lete·
1159 1221 1237 1293 tttt.
1283 1246 1361 1292 nem
1376 1246 1453 1291 cum
1466 1219 1542 1290 Deo
1562 1243 1621 1314 pet
1642 1224 1866 1316 paenitentiam
1882 1214 2148 1315 exspoliandam,

381 1344 449 1391 eum
470 1322 505 1388 iu
527 1320 593 1403 loeo
611 1316 792 1412 posteriore
808 1326 847 1389 de
862 1319 988 1414 juditio
1005 1313 1075 1410 poll
1091 1320 1171 1389 ioue
1191 1317 1238 1385 ui·
1282 1314 1338 1390 led
1359 1342 1498 1400 eorum,
1520 1320 1629 1411 quiin
1650 1340 1816 1388 carcerem
1840 1316 2040 1389 infernalem
2061 1342 2148 1401 cott-¹

380 1431 443 1488 tunt
455 1418 600 1509 creptos
617 1421 785 1514 loquatur.
835 1416 928 1513 Resp.
954 1416 1067 1508 negari
1083 1413 1173 1486 nulla
1184 1433 1239 1481 ue·
1283 1420 1454 1508 jiciuntur,
1478 1414 1626 1487 debitum
1648 1411 1711 1485 elle
1733 1436 1912 1501 aeternnm,
1936 1438 2041 1511 aquo
2061 1416 2150 1489 nuttss

380 1510 715 1611 citatisspeciepotell
723 1568 735 1603 ,
758 1515 879 1589 Martia.
889 1516 930 1589 V.
947 1511 1118 1583 Chrilluen
1134 1511 1177 1581 de
1187 1530 1240 1579 re·
1285 1537 1384 1612 quent
1408 1508 1535 1585 exsolvi
1565 1506 1708 1607 pellunt.
1769 1512 1822 1583 De
1843 1534 1904 1597 eo,
1929 1520 1989 1610 qui
2009 1534 2150 1611 propter

379 1610 616 1701 conciliatione
631 1611 822 1685 fraterna&
840 1612 1241 1699 condonationeinjuria·
1286 1612 1436 1683 debitum
1461 1611 1578 1681 decern
1599 1610 1745 1683 millium
1761 1614 1989 1705 imperialium
2017 1618 2054 1683 in
2078 1636 2151 1687 cat·

242 1758 245 1763 -
381 1706 459 1784 rum
479 1734 598 1807 agere,
624 1730 658 1782 ut
682 1706 908 1781 antecedentia
929 1704 1100 1777 manifeilc
1123 1704 1239 1777 tellan-
1284 1700 1397 1781 cerem
1416 1711 1608 1799 coniicitur,
1633 1710 1722 1779 teile
1745 1704 1873 1801 pollum
1899 1709 2032 1781 dicere:
2064 1710 2147 1783 Nou

302 1881 305 1885 ,
381 1830 456 1901 ιιιι;
483 1810 638 1880 Ιιιᾶιιιιιι
661 1811 763 1905 igitur
786 1810 820 1880 dt
840 1808 908 1879 hoc
928 1799 1076 1898 raspatio
1092 1802 1239 1894 chryso
1285 1806 1388 1878 exibit
1410 1806 1508 1894 inde,
1533 1803 1643 1877 donec
1661 1810 1773 1875 omnia
1795 1802 1960 1903 persolvat
1982 1810 2148 1903 nequead

382 1908 481 1978 llomi
505 1910 732 2001 interpretatio
756 1922 871 2000 utpote
891 1899 994 1997 scopu
1014 1900 1243 1975 &contextui
1285 1900 1497 1975 novilltmutn
1520 1902 1749 1995 quadrantem.
1821 1904 1872 1973 Ex
1900 1927 1942 1976 oo
1966 1928 2049 1975 vero
2078 1916 2170 1977 non·

383 2028 543 2101 perquam
562 2001 786 2089 adcommoda
807 2001 974 2098 repudiari
994 2002 1120 2095 nequit.
1169 1997 1242 2067 Nec
1288 1999 1394 2096 potell
1414 1996 1551 2075 inferrie
1584 2002 1674 2094 Ergo
1700 1999 1877 2095 aliquando
1898 1997 2060 2096 persolvet
2084 2016 2153 2075 trra·⁸

383 2121 560 2200 propterea
578 2104 755 2173 humanam
776 2100 985 2194 prudentiam
1000 2093 1245 2175 docerasshri·
1287 2097 1453 2169 viffimum
1466 2100 1700 2195 quadrantem,
1726 2104 1759 2170 ἁ
1774 2092 2013 2194 cousequenter
2026 2102 2151 2193 exibit3
2179 2088 2185 2105 '

385 2200 448 2291 ilus
475 2199 682 2291 judicandus,
714 2199 790 2294 quia
814 2188 983 2267 fot'enlem
1006 2191 1098 2263 illam
1115 2186 1245 2263 senten·
1286 2189 1571 2277 leti'coottarium
1603 2200 1711 2291 potiua
1736 2218 1776 2265 ex
1804 2218 1846 2266 eo
1875 2194 2036 2282 infertur,
2071 2204 2149 2295 quia

381 2300 462 2369 tiam
483 2294 720 2369 adcommodat
740 2293 782 2364 ad
800 2312 949 2364 mutuant
965 2290 1112 2363 fratrum·
1126 2312 1245 2361 recou·
1286 2312 1425 2391 propter
1451 2293 1613 2389 grandem
1644 2291 1746 2363 debiti
1766 2289 1928 2365 summam
1953 2318 2022 2364 non
2042 2296 2149 2391 potell

383 2396 606 2481 ciliatiouem,
641 2416 712 2489 qnae
739 2396 881 2488 pertinet
906 2392 950 2460 ed
965 2390 1173 2483 prudentiam
1187 2387 1244 2483 ju·
1286 2414 1391 2485 utque
1410 2390 1450 2459 ad
1468 2388 1679 2461 novilfintum
1698 2392 1913 2486 quadrantem
1937 2396 2053 2464 omnia
2074 2416 2167 2489 per··

373 2494 523 2589 storum,
542 2490 727 2574 Luc.l.tr.
750 2492 886 2561 interim
913 2487 1011 2557 nobit
1034 2506 1242 2581 nequaquam
1283 2484 1436 2561 solvere:
1460 2490 1553 2583 Ergo
1567 2511 1637 2558 nott
1648 2490 1931 2562 exibitecareere.
1982 2494 2148 2565 Preterea

382 2584 587 2677 adversatur,
614 2584 731 2683 liquit
753 2610 830 2657 cum
850 2583 1045 2681 quibusdam
1064 2584 1243 2653 exteteri-
1283 2591 1393 2682 gravis
1417 2584 1473 2656 illa
1498 2609 1536 2654 ac
1564 2582 1645 2656 seria
1672 2584 1796 2658 Clarilli
1829 2589 2043 2675 cohortatio,
2082 2612 2148 2687 qua

382 2690 444 2761 bue
458 2682 652 2759 seutentiam
670 2683 795 2783 Chrilli
810 2679 1064 2781 παραβολιιιῶς
1079 2678 1120 2750 ad
1138 2680 1245 2775 poenl-
1286 2706 1403 2755 omuee
1424 2685 1578 2753 ltominea
1603 2680 1774 2778 proposito
1793 2689 1913 2753 aeterni·
1928 2690 1962 2757 dt
1978 2682 2149 2780 nunquam

385 2789 523 2858 tentiam
547 2789 583 2854 in
606 2784 669 2854 bac
692 2785 757 2867 vita
777 2798 906 2853 tnature
927 2778 1091 2875 agendam
1109 2780 1246 2847 adcom-
1287 2778 1429 2871 finiendi
1450 2773 1599 2877 supplicii
1614 2780 1764 2875 periculo
1785 2786 1927 2852 excitate
1942 2788 1975 2854 dt
1993 2784 2149 2879 impelle-

384 2885 525 2958 tnodare
539 2878 639 2969 uelit,
664 2897 701 2950 ut
718 2882 896 2974 accipiatur
912 2896 1067 2972 tauquam
1083 2878 1191 2971 gravia
1210 2894 1249 2943 ac
1284 2901 1323 2950 re
1343 2877 1470 2964 voluit,
1499 2896 1534 2948 ιιι
1553 2878 1595 2948 de
1616 2870 1887 2949 reconciliatione
1909 2903 1986 2953 cunr
2011 2882 2090 2953 Deo
2112 2884 2148 2953 itt

385 2979 470 3055 feria
491 2980 679 3051 exhortatio
687 2974 708 3063 ,’“
741 2994 780 3047 ut·
798 2968 1012 3071 poll-laploe,
1046 2970 1127 3043 dom
1146 2973 1249 3055 lotia
1286 2978 1348 3047 bac
1361 2979 1426 3046 vita
1448 2994 1575 3046 mature
1591 2981 1795 3071 cogitarent,
1818 2995 1992 3073 antequam
2010 2982 2149 3061 tortoris

385 3080 484 3168 hujus
498 3082 572 3146 vitae
587 3072 715 3156 sumus,
735 3074 804 3143 cito
822 3073 899 3141 Deo
912 3067 1188 3155 reconciliemur,
1207 3091 1250 3138 ne
1285 3073 1344 3143 bus
1360 3070 1575 3143 internatibus
1586 3078 1765 3171 torquendi
1777 3073 1964 3159 tradantur,
1988 3100 2060 3149 noo
2078 3100 2150 3149 me·

381 3195 521 3273 propter
534 3172 806 3265 impoenitentiam
821 3171 1032 3240 incarcerant
1046 3163 1247 3237 infernalem
1288 3170 1446 3242 diocritet
1462 3190 1636 3241 enervatur
1649 3195 1686 3240 ac
1699 3170 1841 3257 lutatur,
1860 3170 1882 3241 ti
1894 3173 2149 3264 debitumillud,

385 3270 528 3363 conjecit
548 3270 676 3338 aeternis
691 3266 857 3363 suppliciis
877 3264 1003 3358 justitie
1026 3259 1248 3336 dirinaesatie·
1285 3270 1319 3339 in
1342 3291 1411 3362 quo
1431 3272 1464 3339 ἅ
1481 3290 1558 3337 cum
1573 3291 1642 3364 quo
1657 3272 1764 3341 bomo
1781 3273 1941 3357 moritur,
1969 3270 2040 3366 poll
2060 3276 2148 3345 batte

383 3368 497 3443 facere
507 3389 680 3461 cogamur.
727 3364 877 3434 curtum
892 3368 983 3433 eninr
997 3358 1149 3432 eamdem
1163 3359 1249 3432 suni·
1285 3370 1386 3435 aitam
1410 3367 1444 3434 in
1464 3372 1660 3461 purgatorio
1678 3363 1828 3452 attolat,
1856 3372 1938 3464 quio
1954 3376 1986 3441 dt
2002 3369 2148 3445 aliorum

381 3466 563 3538 litudinem
579 3459 708 3557 usurpat
723 3464 800 3532 Luc.
811 3462 883 3532 Xll.
900 3480 955 3541 ςι.
979 3482 1056 3528 cum
1070 3461 1251 3555 reprehen·
1285 3458 1448 3558 suffragiis
1463 3486 1527 3561 pro
1545 3487 1587 3534 eo
1600 3460 1747 3536 satisfieri
1764 3462 1854 3559 pollo
1874 3490 1949 3537 cum
1967 3466 2150 3561 pontificlia

386 3562 481 3637 dillet
499 3557 696 3647 l'trarilaeos,
730 3558 820 3652 quod
841 3551 1143 3652 nonagnoscerem
1164 3576 1248 3626 tem·
1287 3559 1448 3632 llatuarur.
1502 3564 1614 3632 Tertio
1632 3562 1942 3660 loquitanitrillut
1960 3568 2002 3634 de
2025 3568 2147 3662 iia‚qui

387 3668 449 3761 pits
496 3665 603 3744 tatia,
633 3682 669 3728 ac
687 3668 747 3727 ntis
770 3679 887 3726 otttttes
908 3657 947 3724 ad
972 3655 1112 3760 vigilem
1131 3656 1250 3724 adren-
1286 3682 1348 3729 nec
1366 3682 1442 3729 curtt
1460 3658 1536 3729 Deo
1561 3682 1622 3731 uec
1641 3686 1717 3731 cunt
1734 3658 1835 3729 fratre
1860 3666 1892 3730 tu
1917 3664 1980 3733 hac
2000 3667 2066 3733 uite
2094 3686 2148 3733 re-

388 3782 441 3832 tua
457 3687 504 3827 illi
527 3751 803 3849 exspectationem
825 3752 1015 3823 cohortatus
1031 3748 1160 3822 tutia:
1175 3750 1252 3823 Vid.
1286 3756 1525 3834 conciliantur,
1550 3753 1605 3827 sed
1622 3758 1667 3830 ob
1680 3757 1980 3855 implacabilitatem
1991 3766 2023 3830 dt
2035 3759 2150 3859 negle-

388 3858 497 3929 barm.
515 3877 631 3947 evang.
653 3874 723 3947 cap.
736 3851 789 3919 tt.
809 3875 841 3946 p.
856 3875 936 3930 35¹·
957 3846 1041 3945 ς.)
1062 3846 1252 3944 Allegorica
1288 3852 1375 3924 diam
1404 3858 1437 3923 itt
1461 3874 1613 3962 tempore
1639 3861 1752 3950 gratiae
1779 3856 2086 3929 reconciliationem
2117 3862 2151 3927 in

389 3956 446 4023 illa
464 3957 597 4047 piorum
620 3967 768 4019 veterum
790 3952 1017 4041 interpretatio
1031 3946 1159 4018 nullutn
1173 3968 1251 4042 pur·
1288 3972 1454 4022 carcerem
1482 3950 1681 4023 internalem
1705 3952 1943 4039 detruduntut3
1976 3959 2040 4042 jam
2065 3977 2149 4026 vero

298 4054 301 4065 '
389 4054 525 4145 gatorio
552 4044 742 4120 fomentum
768 4045 909 4139 praellat,
934 4048 1039 4138 prinu
1066 4049 1141 4139 quia
1161 4066 1250 4137 para·
1288 4050 1444 4119 hominen
1463 4038 1627 4122 demordet
1648 4058 1683 4120 δι
1702 4050 1994 4120 irreconciliabilea
2016 4076 2086 4123 non
2107 4052 2148 4122 ad

388 4138 1051 4241 bola'ttequaquatncategorlceadlerit,
1079 4140 1149 4235 poll
1165 4142 1252 4235 judi·
1289 4150 1542 4241 purgatoriae,
1582 4144 1636 4216 sed
1667 4145 1706 4217 ad
1734 4146 1902 4217 infernum
1929 4142 2151 4237 descendum,

390 4256 481 4318 ciut‘n
506 4245 556 4314 vel
584 4264 691 4314 totum
716 4241 864 4311 debitunt
887 4241 937 4307 vel
962 4259 1086 4333 portent
1110 4236 1253 4335 aliquant
1312 4249 1364 4312 uia
1386 4267 1454 4313 non
1477 4247 1667 4314 moriuntur
1685 4248 1719 4313 in
1735 4250 1878 4315 caritate.
1932 4248 2064 4339 Quarto
2079 4270 2149 4343 quo

390 4346 494 4415 debiti
519 4339 642 4413 exsolui
663 4337 777 4436 polle3
805 4362 867 4405 nec
890 4341 1074 4432 promittit,
1099 4333 1194 4427 sore,
1219 4355 1253 4406 ut
1288 4266 1382 4409 lenio
1404 4342 1590 4436 accipienda
1610 4340 1671 4412 stut
1687 4343 1785 4410 verba
1806 4340 1950 4413 Chrilli':
1977 4348 2060 4417 Non
2084 4350 2153 4414 exi·

391 4442 526 4512 debitor
554 4465 593 4509 ex
617 4461 765 4520 carcere,
798 4438 953 4529 inquam
975 4432 1251 4526 conjedluserar‚
1290 4441 1337 4507 bit
1354 4441 1452 4535 iude,
1479 4443 1580 4509 doute
1589 4441 1785 4532 persolveris
1798 4450 2148 4537 externuqttotirau·

391 4538 573 4633 aliquando
599 4543 719 4605 iterum
749 4531 926 4617 liberetur,
965 4529 1018 4603 sed
1050 4534 1253 4601 contrarium
1290 4547 1370 4623 tent3
1397 4535 2152 4633 exaliieparallelialociaomniumoptimeitt-

393 4640 501 4733 potiua
522 4632 719 4715 inlinuntur,
741 4628 896 4698 videlicet
914 4652 974 4697 nec-
989 4627 1091 4696 debiti
1106 4623 1253 4722 persolu·
1290 4632 1468 4727 telligitur:
1485 4635 1674 4707 Manuvt.
1690 4658 1744 4714 ις.
1769 4639 1884 4709 Siteon
1897 4629 2083 4732 remiseritis
2092 4638 2152 4710 to·

390 4736 537 4813 riantur,
564 4750 624 4797 uec
638 4726 797 4797 debitoris
811 4748 850 4793 ex
866 4749 998 4796 carcerc
1018 4723 1252 4797 liberationem
1291 4733 1448 4812 minitere,
1479 4756 1534 4803 aet
1550 4747 1647 4824 pater
1673 4733 1775 4821 uester
1802 4738 1940 4804 remittet
1961 4739 2053 4807 uobis
2070 4758 2148 4830 pet·

392 4832 463 4901 ullo
490 4850 635 4923 unquam
665 4822 816 4919 tempole
846 4819 908 4893 effe
933 4818 1139 4916 sperandam,
1177 4830 1251 4920 quia
1289 4827 1495 4919 totovestrn.
1521 4831 1840 4911 Mattb.llVlll.34.
1867 4836 1900 4900 in
1922 4831 2151 4927 paraboladg.

390 4925 623 5025 rigidilliumm
647 4920 697 5018 jot
719 4922 878 4991 exodiario
899 4927 934 4992 dt
958 4924 1097 5013 grauitas
1113 4920 1251 5015 periculi
1289 4925 1406 5023 bituria
1421 4927 1558 5000 dicitur:
1588 4930 1746 5000 Tradidit
1758 4952 1825 4997 eune
1842 4931 2040 5011 tortoribus,
2069 4955 2151 5027 qau-

391 5028 435 5097 ob
449 5022 635 5121 negledlaut
658 5026 691 5088 in
713 5020 775 5089 ltac
797 5022 861 5087 vita
877 5016 1182 5091 reconciliationem
1195 5020 1251 5090 de·
1286 5045 1388 5119 aesque
1406 5028 1556 5094 redderet
1570 5025 1755 5119 uniuersum
1769 5028 1927 5115 debiturn,
1951 5034 2003 5099 eui
2018 5024 2152 5101 lolaeu·

390 5123 538 5193 l'eri'nitur
558 5123 620 5191 hac
638 5116 855 5189 conditionali
873 5141 909 5187 ac
925 5119 1138 5212 hypothetica
1153 5139 1248 5188 com·
1287 5120 1333 5190 do
1358 5144 1429 5191 nott
1451 5140 1539 5199 erat,
1564 5124 1795 5217 recolligitur
1820 5147 1861 5195 ex
1881 5126 1923 5198 vj
1937 5150 1993 5214 ις.
2046 5130 2148 5223 Aequi

390 5224 596 5294 minationee
632 5240 701 5290 non
723 5217 824 5289 exibit
846 5238 863 5287 e
887 5238 1035 5305 tuerere,
1069 5214 1131 5313 αἱ]
1146 5225 1249 5287 totana
1288 5220 1321 5291 in
1339 5222 1536 5315 purgatorio
1554 5244 1625 5295 non
1646 5220 1750 5320 potell
1770 5218 1866 5295 reddi
1887 5218 2078 5296 nniversam
2091 5230 2151 5297 aa.

1861 5368 1863 5375 ·
1899 5374 1901 5379 -
1960 5378 1962 5383 .
2029 5321 2149 5412 bitum,
