4934 6392
506 588 517 599 '⁶
651 568 1163 786 rnannnrro
1232 572 1703 805 amnonis.

283 864 563 1113 Singulari
584 871 777 1012 prorsus
807 869 1015 1008 supremi
1042 866 1272 976 Numinis
1296 867 1440 973 beni¹
1486 865 1629 988 itate,
1666 865 1818 974 variar
1843 864 1972 973 inter
1988 902 2077 977 va«

390 1020 620 1128 letudinis
640 1014 935 1121 tentationes
955 1010 1274 1149 laborumque
1296 1009 1390 1115 vici
1428 1009 1668 1131 andines,
1705 1035 1898 1117 tantum
1918 1011 2064 1120 nobis

284 1168 466 1275 virium
485 1157 648 1268 adhuc
671 1153 925 1261 suffetium
942 1152 1038 1276 est,
1061 1178 1119 1258 ut
1139 1184 1265 1288 opus
1291 1152 1654 1260 Gerhardianum
1680 1183 1785 1256 non
1814 1156 1971 1260 modo
2001 1160 2065 1262 ad

287 1311 469 1414 latiora
486 1300 691 1407 subinde
706 1301 1005 1402 incrementa
1025 1291 1328 1430 provehere,
1350 1291 1434 1396 sed
1457 1293 1561 1428 ejus
1580 1292 1726 1400 etiam
1752 1295 1953 1418 exitam,
1982 1322 2066 1405 ne.

288 1449 413 1557 mini
441 1443 623 1586 magis,
651 1471 800 1581 quam
818 1437 961 1541 nobis
982 1440 1296 1570 exoptatum,
1322 1436 1375 1552 in
1399 1434 1503 1538 dies
1520 1461 1761 1577 mannate
1777 1436 2023 1572 possimus.

396 1590 506 1724 Jam
527 1584 661 1689 enim
683 1580 931 1721 attigimus
960 1609 1071 1684 eam
1098 1577 1290 1681 locorum
1318 1577 1662 1713 theologicorum
1690 1604 1903 1712 partem,
1936 1616 2066 1729 qna,
2148 1661 2152 1699 ς

286 1729 537 1871 praecipuis
554 1720 786 1830 doslrina
800 1717 1064 1825 christiana
1080 1717 1316 1853 capitibus
1333 1718 1424 1824 rite
1442 1714 1692 1842 absolutis,
1730 1722 1792 1824 ad
1811 1754 2068 1863 argumen.
2173 1774 2212 1847 .·

288 1902 399 1980 tum
424 1875 478 1976 de
501 1867 779 2011 noorffimis,
802 1859 918 1989 seria
933 1857 1160 1997 profesto
1193 1860 1513 1965 meditatione
1538 1857 1895 2000 digniffimum,
1941 1866 2070 1974 felici

290 2046 441 2152 opera
457 2005 849 2149 pertraslandum
864 2003 1190 2142 progreditur.
1262 2002 1407 2107 Etlic
1420 1999 1518 2138 ipse
1529 2005 1728 2140 quidem
1745 2023 1904 2130 tomos,
1921 2045 2070 2149 quem

285 2188 426 2262 nunc
445 2155 495 2258 B.
513 2153 570 2257 la
597 2152 646 2254 T
638 2148 704 2253 ibi
722 2144 940 2265 srstimuS,
961 2147 1151 2248 decimus
1155 2140 1401 2281 septimas,
1431 2142 1724 2250 uastationis
1741 2146 1863 2254 illius
1880 2179 2070 2288 partem

290 2295 426 2403 haud
434 2295 678 2432 exiguam,
694 2312 1142 2424 contentorumque
1158 2286 1299 2421 copia
1313 2317 1370 2390 ac
1379 2287 1614 2426 gravitate
1624 2287 1918 2396 uberrimam
1934 2329 2092 2401 com·

287 2435 564 2576 prehendit.
641 2427 1234 2563 Occupaturvidelicetin
1252 2428 1554 2564 exponendo
1569 2431 1659 2534 loco
1672 2433 1868 2540 XXVII.
1888 2440 1943 2540 de
1958 2472 2073 2543 rnor-

288 2601 359 2703 te,
395 2577 705 2712 maxumeque
724 2572 777 2673 in
797 2569 1074 2675 enarrandis
1101 2569 1183 2690 iis,
1220 2602 1327 2707 qua
1347 2597 1561 2676 mortem
1584 2597 1692 2678 tum
1717 2578 1882 2713 quoad
1902 2613 2097 2712 corpur,-

287 2749 399 2830 tum
417 2715 582 2859 quoad
600 2716 797 2845 animam
815 2712 1039 2848 proxime
1057 2708 1391 2849 insequuntur.
1463 2715 1762 2854 Qamlatus
1781 2714 1892 2824 heic
1911 2718 2073 2857 pateat

289 2862 671 2970 meditationum
705 2885 927 2989 campus,
969 2879 1150 2992 quanta
1177 2853 1427 2992 diligentia
1454 2856 1670 2959 eundem
1697 2862 1920 2966 emensus
1948 2863 2002 2969 srt
2029 2865 2072 2974 b.

291 3003 600 3110 (lantrannus
618 2996 798 3117 noller,
826 3026 932 3099 non
942 2996 1077 3100 vanis
1093 2995 1295 3132 quidem
1311 2995 1595 3101 luxuriantis
1615 2997 1800 3138 ingenii
1821 3019 2074 3118 commem

242 3268 245 3276 Δ
286 3146 374 3267 tis,
409 3171 660 3260 rerumve,
689 3168 807 3277 quas
826 3137 1054 3275 ignorare
1071 3167 1162 3239 nos
1179 3137 1317 3240 Deus
1333 3138 1517 3260 voluit,
1542 3139 1923 3252 divinationibus
1945 3152 2095 3257 otio·¹

286 3287 368 3409 srs,
396 3283 480 3391 sed
497 3283 728 3389 adetuata
748 3310 912 3382 rerum
931 3280 1134 3416 cognitu
1150 3279 1343 3383 utilium
1355 3276 1676 3414 descriptione
1696 3316 1752 3389 ac
1772 3286 2070 3398 demonstra·
2135 3310 2138 3315 ’
2209 3352 2216 3357 -

285 3431 450 3551 tione,
488 3427 606 3530 item
639 3454 702 3524 ue
730 3420 893 3524 sobrio
916 3415 1159 3525 sanslioris
1179 3417 1417 3554 scriptura
1445 3418 1529 3524 usu
1554 3422 1606 3523 in
1632 3427 1925 3560 explicandis
1949 3439 2070 3571 capi.

288 3572 422 3679 tibus
446 3564 582 3708 gravi
620 3563 752 3685 rmis,
788 3594 843 3666 ac
872 3561 1101 3696 prudenti
1119 3560 1333 3701 denique
1357 3565 1407 3690 δι
1427 3558 1575 3667 solida
1601 3569 1839 3673 variarum
1868 3602 2070 3683 contro·

287 3711 550 3821 versrarum
571 3704 941 3840 dijudicatione,
971 3704 1047 3826 id,
1081 3703 1226 3808 nobis
1253 3715 1361 3809 non
1377 3705 1720 3833 monentibus,
1754 3710 1850 3849 ipsa
1872 3714 1981 3822 libri
1999 3720 2072 3828 in.

289 3851 473 3991 spetlio
492 3878 896 3985 unumquemque
923 3843 1063 3951 facile
1090 3847 1400 3953 condocebit
1688 3866 1692 3876 “
1985 3843 1989 3852 ’
2176 3878 2178 3885 ·

388 3995 567 4141 Quum
582 4021 728 4110 vern,
762 3987 874 4124 post
891 4013 1113 4123 tempora
1131 3987 1400 4094 Gnnnnnnr
1420 3985 1594 4113 nostri,
1636 3989 1844 4137 insignes
1863 3999 2070 4138 disputa.

236 4138 485 4246 ,donum
493 4126 938 4270 philosophicarum
947 4163 1083 4262 acque
1094 4162 1149 4236 ac
1158 4128 1549 4272 theologicarum
1563 4132 1852 4247 accessiones
1866 4143 2073 4258 subinde
2205 4257 2214 4264 ,

288 4276 523 4388 faslaesmt
540 4273 604 4382 ad
619 4269 821 4409 praesens
836 4267 991 4378 hocce
1007 4301 1378 4414 argumentum,
1408 4276 1642 4381 nonnulla
1658 4279 1832 4408 etiam,
1850 4314 1929 4414 ut,
1955 4287 2063 4396 sub4
2195 4266 2198 4287 ’

289 4423 407 4530 ortis
421 4413 781 4538 controversiis,
807 4411 941 4520 hand
957 4448 1067 4521 raro
1087 4417 1189 4522 sieri
1204 4415 1361 4542 solet,
1378 4418 1656 4559 diligentius
1679 4417 1884 4536 subinde
1897 4433 2069 4551 traria.
2152 4550 2155 4557 Ι

290 4593 360 4688 ta,
400 4563 668 4698 clariusque
685 4556 932 4694 exposita3·
950 4554 1032 4661 hic
1046 4556 1157 4664 sane
1175 4558 1311 4664 locus
1319 4633 1336 4683 ,
1362 4561 1666 4699 flquisquam
1686 4562 1830 4679 alius,
1858 4577 2065 4710 peculia.

258 4741 396 4814 -rem
446 4734 649 4840 operam
685 4701 931 4838 requirere
955 4702 1235 4844 videbatur,
1273 4734 1369 4841 qua
1397 4722 1576 4808 textam
1612 4704 1845 4835 ausloriS,
1903 4717 1946 4820 sr
1965 4751 2070 4829 non

291 4845 682 4964 emendandum,
719 4841 871 4948 saltim
888 4838 1139 4949 hincinde
1157 4843 1514 4966 illustrandum,
1556 4849 1630 4969 dr,
1661 4846 1747 4955 ubi
1763 4883 1888 4990 opus
1902 4857 2066 4989 suerit,

296 5025 359 5101 ex
375 4988 635 5097 recentioris
643 4985 925 5090 litteratum
938 5015 1070 5119 penu
1087 4985 1478 5124 amplificandum
1496 4986 1640 5092 nobis
1654 4988 1965 5108 sumeremus.

396 5134 478 5241 Sic
490 5157 657 5237 autem
671 5124 794 5261 justa
808 5124 1003 5260 prorsus
1015 5129 1205 5253 ratione
1221 5126 1405 5234 fastum
1424 5130 1509 5253 est,
1526 5157 1599 5254 ut,
1623 5137 1736 5272 quia
1750 5147 2001 5254 materiam
2018 5156 2070 5262 il.
2117 5258 2119 5263 ,

292 5267 935 5388 lamomntmaGrnnanno
953 5266 1057 5407 ipso
1075 5270 1271 5409 copiose
1287 5273 1565 5408 expositam,
1575 5276 1847 5421 nostrisque
1857 5287 2081 5435 denique‘

293 5419 548 5537 adauslam
567 5407 1025 5538 observationibus,
1042 5442 1196 5666 umgm
1214 5417 1520 5526 in‘volumen
1544 5417 1771 5561 colligere
1787 5456 1895 5577 non
1912 5435 2070 5566 licrrit,
2217 5484 2228 5509 s

590 5636 593 5641 ·
1175 5580 1234 5646 '²‘
1559 5572 1562 5580 ’
1799 5662 1803 5668 ,
1944 5577 2068 5666 ’ἄκος
