4934 6392
338 648 413 729 na
441 574 627 720 vntris
659 580 1139 713 urrunnun-ross
1169 627 1421 749 nourr-tt
1451 598 1892 714 tt-scsrrncvnts.
1932 594 2039 741 ‚311

272 826 445 917 defundis
473 849 517 896 cx
542 822 738 917 purgatorio
768 812 973 898 liberandis,
998 815 1141 909 opponi·
1180 817 1410 908 terprctutioui
1428 819 1570 911 opponit
1593 818 1660 887 hoc
1683 824 2040 918 arguuuntmn,·qttod

275 955 352 1009 mus
370 930 443 1000 baeo
461 918 692 993 fundamenta:
717 917 760 1003 u)
784 911 978 983 Dellituitur
999 915 1071 983 lraec
1092 915 1142 982 in·
1180 910 1291 985 nuilus
1317 923 1457 982 ueterum
1482 915 1701 1005 ltiflorieortttn
1730 919 1861 995 trudat,
1898 933 2039 1015 tempore

278 1027 476 1124 terpretutio
496 1014 661 1114 scripturae
680 1010 857 1106 suffragiu,
885 1015 1005 1106 quippe
1029 1016 1064 1079 in
1081 1032 1145 1103 qua
1181 1011 1400 1103 apostulorum
1420 1013 1569 1105 usitatam
1584 1011 1706 1110 suiffi,
1733 1021 1822 1111 pseud
1839 1017 1962 1114 uliquis
1978 1046 2039 1093 ,0.

279 1124 403 1202 nullibi
416 1123 584 1190 orationes
601 1137 665 1211 pro
680 1107 845 1183 defuuilis
858 1105 1147 1192 commendantur,
1181 1114 1267 1193 mine
1283 1113 1377 1179 uniti
1383 1111 1443 1202 sui
1446 1111 1521 1208 flete
1529 1115 1685 1207 baptismo
1693 1108 1842 1208 defundis
1850 1116 1942 1209 bapti
1957 1142 2041 1192 nu„

265 1223 338 1300 sed
363 1234 481 1293 omues
503 1217 628 1288 mortui
654 1215 688 1281 in
711 1208 790 1279 duas
810 1201 921 1275 classes
949 1204 1145 1276 dissribuun·
1172 1207 1366 1307 susceperit.
1426 1210 1557 1281 Eodem
1577 1211 1684 1283 modo
1704 1210 1935 1286 concludimus
1958 1239 2062 1287 con·-

237 1324 243 1331 ’
284 1342 362 1407 tur,
388 1317 559 1389 in'beatos
579 1308 702 1383 scilicet
722 1303 966 1395 &damnetos3
988 1325 1148 1399 proneu·
1182 1328 1231 1378 tra
1256 1307 1446 1377 bellarmini
1470 1312 1799 1405 interpretationem,
1823 1307 2050 1406 quodn'ulluu¹
2130 1338 2132 1342 ’

282 1426 343 1493 tris
361 1420 531 1489 orationes
554 1408 594 1481 ud
611 1410 723 1479 Deum
746 1401 941 1487 fundende,
967 1406 1044 1497 quia
1061 1398 1148 1470 b'eati
1182 1403 1418 1477 billoricorutn
1430 1403 1554 1485 tradat,
1567 1427 1729 1492 ¹tempore
1741 1406 1968 1501 apollolorum
1982 1410 2052 1492 usn

283 1518 352 1591 lllit
367 1537 438 1588 nott
451 1512 620 1607 indigent,
643 1504 803 1576 dimssssli
822 1504 946 1571 eaedflm
965 1496 1047 1569 sslhll
1068 1520 1148 1593 Ρῐο·
1182 1522 1285 1575 tutum
1302 1498 1417 1590 soille,
1438 1524 1473 1574 ut
1487 1494 1683 1598 baptismum
1697 1503 1907 1578 lacrimarum
1923 1514 1957 1581 ἅ
1974 1534 2045 1606 poe.

283 1614 371 1688 sunt.
437 1609 555 1694 Adde,
576 1601 667 1703 quod
694 1600 812 1672 nullibi
841 1602 876 1669 in
910 1592 1076 1699 scripturis
1106 1594 1148 1688 ni
1184 1600 1412 1698 nitentiaepro
1431 1596 1595 1672 defundis
1619 1626 1660 1673 ex
1681 1609 1877 1699 purgatorio
1899 1588 2052 1679 liberaum

286 1708 456 1807 baptizari
473 1703 633 1803 fignificet
649 1699 825 1781 lacrimari,
838 1698 1149 1790 poettitentiamage·
1184 1700 1234 1769 dis
1248 1692 1457 1792 susciperent.
1508 1700 1725 1772 Contrarium
1743 1705 1854 1797 potius
1874 1702 2046 1801 colligitur

286 1836 346 1898 re,
361 1832 479 1892 orere,
497 1809 660 1896 jejunare,
683 1789 908 1885 eleemosynas
918 1791 1038 1864 facere.
1067 1790 1150 1861 Pro·
1187 1820 1229 1867 ex
1259 1790 1560 1876 r.Tbell.lV.13.
1585 1796 1676 1894 quotl
1697 1822 1715 1868 u
1734 1800 1851 1893 gentili
1872 1797 2048 1874 consuetu·

285 1908 379 1981 ducit
397 1905 533 2002 quidem
555 1896 775 1972 Bellurminus
791 1893 878 1963 dista
907 1891 1014 1963 Marc.
1031 1888 1070 1959 X.
1093 1908 1150 1967 38·
1188 1894 1265 1965 dine
1288 1889 1467 1990 adfligendi
1493 1889 1526 1967 sc
1550 1918 1614 1989 pro
1633 1903 1775 1967 mortuis
1795 1897 1934 1992 aposloli
1955 1900 2052 1973 chri·¹

284 2005 525 2082 inuitum.
547 1992 610 2077 ied
630 1993 676 2064 ibi
701 1994 859 2088 baptizari
886 2011 954 2059 non
976 1983 1151 2078 significat,
1187 1990 1306 2060 ilianos
1340 1992 1580 2064 revocaverint⁰
1643 1994 1799 2065 Producit
1827 1994 2048 2084 bellarminus

284 2100 320 2175 se
340 2098 447 2197 ipsum
469 2092 666 2193 pellionibus
687 2092 826 2186 proprio
843 2077 1153 2179 arbitrioiulceptis
1187 2088 1357 2159 bisloriam
1371 2084 1582 2160 desacrificio
1593 2111 1656 2181 pro
1669 2087 1831 2161 defundis
1847 2114 1887 2162 ex
1904 2078 2047 2168 eMncc.

287 2198 449 2295 adfligere
462 2219 521 2293 per
541 2192 680 2287 jejtmiu,
703 2212 763 2283 per
782 2208 886 2281 opera
905 2177 1065 2253 laboriosa
1083 2205 1151 2277 poe»
1187 2187 1263 2259 Xll.
1293 2180 1349 2256 sed
1369 2184 1411 2257 de
1430 2187 1499 2257 boc
1518 2184 1598 2257 loco
1611 2180 1815 2284 'apocrypho
1830 2184 1982 2265 'diximus
2000 2191 2051 2279 sug
2070 2179 2072 2185 ¹
2207 2206 2222 2214 “

285 2301 453 2373 nit'entiae,
477 2289 531 2363 sed
543 2287 752 2361 odibiliores
765 2284 805 2352 ab
824 2282 894 2352 aliis
910 2280 1012 2350 illutus
1026 2282 1149 2375 patieu·
1187 2285 1309 2380 petius.
1370 2292 1402 2373 e)
1426 2277 1605 2380 llaptlsmus
1622 2289 1869 2380 metaphoricos
1884 2288 1991 2360 Marc,
2003 2291 2048 2366 Χ,

286 2416 340 2469 ter
357 2386 530 2487 suscipere.
580 2388 624 2453 Vt
640 2387 728 2456 enim
751 2405 853 2452 nemo
871 2379 969 2450 debet
988 2374 1020 2446 se
1044 2373 1150 2471 ipsum
1193 2399 1250 2459 ae.
1276 2380 1355 2457 Luc.
1374 2380 1445 2452 Xll.
1466 2405 1521 2463 ⁵0·
1553 2382 1786 2480 contpletilitur
1815 2387 1918 2473 etiam¹
1943 2381 2061 2482 ipsum*

287 2480 332 2567 bs
355 2497 477 2573 tiuare,
511 2481 565 2555 led
588 2481 627 2551 ub
652 2477 719 2550 elio
741 2471 891 2575 baptismi
913 2471 1151 2545 sacramentum
1191 2497 1359 2562 mortem,
1383 2500 1523 2549 acuum
1545 2481 1643 2551 etium
1684 2502 1725 2551 ro
1750 2478 2050 2581 desuntlisepur.

288 2518 472 2686 subriperet
499 2587 541 2653 ita
556 2598 689 2677 qnoque
701 2601 803 2650 nemo
815 2574 913 2645 debet
930 2571 987 2644 fibi
1001 2568 1060 2666 ipit
1079 2595 1151 2642 cru·
1188 2578 1322 2681 gaturio
1337 2574 1515 2646 liberandis
1526 2572 1638 2647 licebit
1655 2505 1713 2648 lbi
1729 2575 1788 2673 ipss
1804 2598 1949 2652 mortem
1967 2605 2051 2653 con·

289 2712 372 2765 uem
383 2682 499 2783 sponte
521 2685 556 2753 u
578 2676 699 2770 ubsque
720 2672 831 2743 diviua
851 2674 1027 2742 vocatione
1043 2692 1153 2753 accer·
1187 2667 1343 2743 sciscere?
1385 2673 1438 2766 f)
1464 2672 1497 2742 st
1524 2671 1674 2768 apollolo
1700 2698 1762 2770 pro
1786 2673 1905 2748 ofitum
1927 2674 2051 2768 fuisset,

289 2782 374 2863 sere.
423 2782 506 2864 Quae
526 2774 568 2845 de
589 2769 751 2868 baptismo
770 2774 873 2866 igneo
894 2772 929 2839 iu
954 2769 1153 2863 purgatorio
1190 2767 1232 2839 de
1245 2766 1487 2847 etliliilionibus
1505 2792 1568 2864 pto
1583 2768 1747 2843 defunilie
1761 2698 1878 2863 lponte
1897 2769 2050 2872 susceptis

286 2878 482 2960 sustinendo
498 2898 539 2945 ex
559 2872 822 2945 Mattb.111.tt.
843 2864 1152 2958 Bellurtniuuspro·
1190 2890 1310 2963 agere,
1345 2887 1415 2937 nou
1438 2861 1564 2939 dixtin
1590 2870 1624 2938 in
1651 2863 1788 2963 persona
1811 2873 1930 2942 tertie:
1968 2876 2050 2970 qnid

288 2979 383 3057 fert,
406 2971 500 3047 suum
516 2969 655 3041 inferius
675 2966 843 3038 habebunt
854 2963 979 3035 locum.
1030 2962 1063 3050 b)
1088 2961 1152 3031 De·
1182 2967 1341 3061 suriunt,
1364 2967 1658 3060 qnipboptieuutur
1674 2962 1738 3059 'pra
1755 2970 1912 3039 mortuis?
1936 2962 1992 3041 sed
2012 2975 2050 3057 iu]

288 3077 433 3151 llituitur
452 3091 580 3169 petrum
605 3063 753 3153 calculo„
798 3063 924 3135 Omnes
951 3074 1079 3130 veteres
1104 3060 1154 3128 in·
1191 3066 1298 3157 prima
1319 3058 1482 3156 persona:
1513 3061 1592 3206 q’uid
1613 3061 1793 3149 faciemus,
1823 3069 1880 3162 qul
1906 3065 2054 3165 baptizae

270 3190 453 3271 2terpretes
466 3174 501 3239 in
516 3190 559 3238 eo
577 3158 804 3247 consentiunt,
831 3159 922 3256 quod
937 3158 978 3228 de
993 3153 1155 3251 baptismo
1193 3182 1270 3231 mur
1293 3182 1355 3254 pro
1379 3162 1538 3230 mortuis.
1584 3164 1661 3257 quie
1678 3184 1800 3251 omnes
1821 3162 1988 3238 cbrillianl
2008 3176 2054 3237 ex·

287 3274 432 3371 Proprie
452 3267 565 3347 ΜΟ,
596 3259 629 3331 ld
653 3258 716 3347 cll,
741 3258 792 3343 tle=
801 3253 951 3352 baptismi
972 3250 1154 3324 incramen-
1193 3252 1369 3350 ltypotlresr
1381 3254 1631 3352 pontificiorum
1645 3258 1870 3330 ororedebeut
1883 3284 1945 3356 pro
1960 3287 2052 3335 mor·
2112 3302 2114 3306 ·

292 3390 332 3443 to
359 3364 524 3463 aposlolus
554 3362 715 3454 loquutur.
778 3355 995 3424 bellarminus
1019 3346 1155 3440 prolua
1193 3355 1267 3425 tuis.
1317 3353 1453 3449 Regerit
1477 3350 1714 3442 Bellarminus‚
1744 3356 1922 3448 opoilolnn
1944 3385 2050 3457 urgu-
2199 3412 2201 3419 -

290 3466 565 3561 interpretatione
586 3456 741 3550 producit
765 3452 988 3544 Epitremum,
1013 3445 1067 3518 led
1087 3446 1152 3518 Sal·
1193 3454 1329 3521 mentori
1354 3449 1479 3544 volutffe
1494 3474 1560 3521 nnn
1576 3477 1596 3520 a
1612 3453 1840 3546 cousuetudine
1856 3455 2051 3543 christiano·

292 3554 556 3641 meruerunt.
580 3579 612 3649 p.
633 3579 716 3624 etr.
739 3545 883 3642 express'e
906 3546 1011 3628 dicit,
1034 3546 1153 3638 Epire·
1193 3572 1282 3631 eum,
1318 3567 1386 3643 que
1418 3561 1573 3644 tunquam
1597 3574 1684 3621 nonu
1714 3553 1803 3646 rejici
1827 3552 1980 3650 potuiffet
2005 3561 2047 3626 ub

292 3687 380 3739 tutem
402 3655 485 3732 nibil
503 3660 541 3725 de
563 3650 749 3746 baptismate
776 3651 874 3745 utrius
892 3669 956 3738 pen
980 3645 1082 3715 altero
1108 3646 1156 3714 lo·
1194 3649 1389 3729 incredulis,
1401 3645 1465 3739 sed
1482 3647 1972 3743 utonsuetudieeJudeurun,
1990 3658 2050 3750 qui

294 3765 378 3862 μὴ
410 3756 498 3827 uude
526 3754 623 3821 etium
653 3749 878 3818 Salmetonius
904 3767 943 3812 ex
966 3746 1157 3835 antiquitate
1194 3768 1282 3837 inore
1304 3748 1405 3827 ueteri
1432 3743 1478 3817 &²
1501 3746 1671 3837 ferundum
1682 3745 1927 3843 striptorurun
1951 3761 2052 3825 exeat.

290 3864 374 3935 nuic
394 3849 590 3951 expositioni
620 3846 723 3919 robur
748 3864 895 3941 querens
921 3864 991 3910 nou
1012 3836 1157 3934 adsurgit
1191 3826 1403 3937 plunrubunt
1419 3839 1663 3937 &jejunabant
1679 3869 1746 3935 pro
1762 3853 1909 3922 mortuis.
1945 3851 2049 3947 Resp.

294 3959 414 4041 eitius,
436 3973 536 4046 quum
560 3944 599 4015 ad
619 3940 898 4014 bernhardum&
919 3938 1051 4008 Petrum
1070 3938 1152 4007 Clu·
1193 3939 1280 4033 upud
1297 3941 1427 4023 Judaeos
1443 3936 1591 4010 ulitatum
1608 3938 1726 4030 inille,
1751 3949 2052 4034 orarenjejunsre
2110 3979 2113 3987 ’

294 4046 504 4134 seiacensem,
538 4065 621 4139 quos
642 4047 769 4137 primos
795 4035 891 4132 hujus
913 4038 1150 4131 interpretatio·
1194 4062 1257 4130 pro
1283 4035 1446 4107 defunctis
1471 4059 1511 4104 ex
1534 4042 1730 4134 purgatorio
1759 4040 1955 4130 liberandis,
1978 4047 2053 4123 liei.

237 4220 244 4229 .
294 4143 664 4227 nisluudatautilores.
723 4138 821 4234 Atqui
847 4132 990 4217 conllat,
1018 4131 1154 4202 illorum
1192 4129 1609 4227 larminusgrutisadlerit3
1636 4131 2053 4230 sclipolleriorlbustem-
2100 4208 2104 4215 .

293 4232 831 4345 temporemultsssuperslitiones
847 4238 880 4301 in
894 4229 1061 4300 ecclebant
1076 4228 1155 4324 jam·
1194 4233 1330 4327 poribus
1350 4227 1501 4300 usitatum
1524 4223 1587 4298 esse
1603 4236 1721 4326 coepit,
1750 4257 1878 4305 normae
1899 4233 1982 4331 lepis
2002 4243 2052 4310 di.

284 4328 380 4423 'dum
398 4338 494 4417 soille
509 4354 666 4432 receptas.
717 4336 753 4422 e)
775 4331 828 4401 Ne
844 4326 903 4423 ipli
918 4329 1052 4425 quidem
1073 4350 1157 4419 pon·
1193 4332 1277 4398 sinte
1302 4328 1335 4397 id
1356 4322 1461 4421 ipsum
1478 4321 1574 4398 fuisse
1595 4351 1805 4424 congruum,
1831 4331 2052 4408 demonstrari

298 4444 398 4519 tificii
416 4441 527 4513 eidem
543 4433 727 4506 conlluntcr
740 4427 895 4503 iustllunt.
945 4424 1157 4497 Corneliusa
1193 4431 1319 4521 nequit.
1339 4488 1341 4493 .
1370 4428 1563 4514 jejunarunt
1582 4426 1738 4523 quidem,
1763 4422 1818 4496 led
1843 4426 1949 4501 leon
1965 4430 2053 4505 tetii.

295 4540 425 4640 Lepide
441 4541 476 4608 in
492 4557 618 4605 comm.
642 4532 708 4601 boc
729 4528 806 4599 loco
833 4525 971 4617 urentium
985 4522 1176 4619 suspicitis
1193 4518 1436 4608 ficundicausa,
1459 4522 1528 4593 non
1548 4542 1658 4594 autem
1676 4525 1800 4610 uuitno,
1814 4512 1990 4601 defundes
2006 4556 2050 4604 ex

297 4654 384 4716 nunt
406 4634 449 4727 ὅ
468 4634 677 4730 pluniffitnum
700 4627 1000 4720 interpretationem
1026 4615 1089 4690 elle
1109 4622 1160 4688 di·
1194 4624 1387 4716 purgatorio
1413 4618 1586 4692 liberandi.
1649 4620 1876 4697 Salmernuius
1909 4635 2053 4723 regerit,

299 4742 349 4815 tir
376 4760 470 4819 eam,
503 4755 601 4825 quatu
627 4722 884 4818 Chrylollomus
915 4718 1070 4815 profert:
1107 4720 1158 4792 Vt
1198 4724 1327 4792 Grecos
1343 4722 1497 4814 quosdam
1523 4720 1641 4788 rodim
1665 4721 1702 4789 ir
1719 4723 1827 4812 priene
1840 4725 1983 4819 persone
2004 4731 2085 4797 ie.·
2173 4744 2175 4748 ·

325 4834 536 4931 '‘lili'‘'ll'l‘
548 4826 736 4922 basllsm‘lm
747 4823 938 4919 s'fill’l‘lll
959 4816 1157 4907 ⁰⁰³i¹⁶5fislb
1193 4841 1288 4914 gete,
1314 4819 1449 4912 utquid
1469 4819 1678 4907 baptizamur
1695 4841 1758 4911 pro
1778 4823 1939 4898 mortuis?
1989 4825 2052 4897 Sed

288 4864 347 5013 des
365 4932 509 5033 prospe
532 4924 777 5022 refertissimo
802 4945 843 4993 ex
864 4919 999 4990 mortuis
1024 4918 1074 4989 nel
1097 4937 1158 5009 pro
1197 4912 1464 5012 Complutenlis,
1489 4913 1611 5008 Regius
1632 4921 1665 4987 &
1688 4915 1817 5009 probati
1843 4919 1976 4989 codices
1996 4920 2052 4993 alii

289 5038 392 5133 fill·
419 5038 641 5111 mmmmm,
675 5025 772 5103 utin
793 5043 828 5089 eo
860 5013 923 5090 titis
939 5011 1011 5112 post
1030 5026 1161 5088 merten
1195 5010 1512 5107 conllanterlcgunt
1533 5001 1795 5112 βαπτίζονται,
1822 5020 2057 5088 necintervu.

285 5140 344 5239 js
360 5138 460 5219 bene,
475 5129 511 5228 j
530 5126 649 5196 nortui
667 5117 943 5213 nonresuegtmt?
964 5113 1165 5213 atipuefttt·
1197 5117 1262 5183 rius
1288 5111 1450 5183 lectiones
1471 5105 1510 5176 ad
1536 5109 1662 5179 calcem
1688 5115 1798 5205 operis
1818 5110 2054 5208 Regiiudditas

291 5234 375 5331 ,sru-
389 5232 450 5309 tot
470 5227 614 5323 fatiunt.
675 5218 718 5310 d)
738 5212 957 5291 liell'urmiuus
979 5220 1095 5310 primu
1117 5215 1169 5309 itt·
1196 5208 1358 5298 hebetur,
1379 5203 1471 5307 quoti
1490 5204 1625 5301 quidum
1642 5206 1776 5281 codices
1792 5205 2055 5404 legentffeerct·
2184 5230 2188 5239 ¹

368 5374 373 5380 ’
821 5356 824 5361 ’
1935 5308 2056 5403 inere
