4934 6392
377 702 403 751 ⁷
464 680 583 801 [ῃ
863 754 867 761 .
953 644 1878 783 'towsncuueaaunsocovſs'
1967 668 1969 673 ’

401 844 429 892 ⁸⁴
527 878 639 961 sandi
660 906 706 958 ex
725 884 941 985 angelorum
961 889 1133 961 relatione
1155 908 1220 974 ea,
1262 888 1343 981 qua
1383 884 1484 983 Resp.
1503 884 1550 978 1.)
1564 881 1864 982 Angelosecoelo
1883 842 2199 963 descenderemts

526 984 684 1059 interris
729 1008 898 1072 eruntur‚
923 989 1160 1084 intelligunt,
1186 1009 1260 1059 non
1275 987 1343 1060 erit
1384 987 1518 1058 coelum
1528 981 1740 1071 adscendere
1753 983 1937 1080 legimus,
1965 985 2201 1081 q‘uodautem

359 1099 383 1175 ᾗ
435 1128 441 1139 ·
527 1104 688 1179 opus,a
746 1108 787 1158 eo
808 1109 934 1182 preces
949 1084 1186 1182 nostras'ipsis
1206 1087 1342 1159 revela·
1383 1087 1452 1157 boe
1473 1082 1544 1155 fine
1562 1082 1802 1171 adscendent,
1827 1092 2057 1163 marterum
2069 1085 2200 1159 nostra·

425 1252 428 1257 .
525 1186 580 1273 ri,
607 1188 753 1279 quando
779 1208 837 1258 eas
871 1185 1071 1258 fundimus.
1121 1185 1343 1278 Deniquesr
1384 1206 1472 1257 runt
1488 1180 1617 1255 statum
1636 1188 1670 1279 dc
1690 1202 1819 1277 preces
1843 1183 1978 1256 nostras
1995 1182 2122 1258 sanslis
2142 1188 2200 1257 de·

522 1279 640 1356 -sansli
653 1284 734 1375 idco
750 1283 966 1382 cognoscunt
978 1307 1034 1357 res
1046 1286 1344 1379 humanas,·quia
1383 1279 1518 1354 fundis
1532 1281 1717 1367 reserant,
1748 1284 1790 1353 de
1812 1305 1855 1353 eo
1879 1283 1971 1354 nihil
1995 1284 2227 1379 quidquam:

392 1424 397 1435 ·
529 1382 624 1454 mira
646 1382 802 1476 quadem
819 1385 997 1456 celeritate
1019 1403 1154 1454 naturae
1169 1387 1342 1477 quodam-
1383 1383 1554 1479 legimus.
1604 1378 1764 1476 Estergo
1788 1382 1847 1452 hic
1876 1385 2006 1454 modus
2031 1378 2196 1483 nipparene.

407 1476 412 1481 ’
529 1476 747 1559 modo‘sunt
778 1482 939 1578 ubique,
978 1490 1012 1554 δι
1044 1479 1167 1576 perse
1193 1485 1343 1561 audiunt
1383 1481 1443 1573 2.)
1470 1481 1536 1550 Per
1551 1474 2200 1555 descensum&adscensumilluman.

526 1600 656 1673 preces
679 1581 980 1677 supplicantium,
1006 1582 1130 1674 utique
1152 1603 1218 1651 nec
1234 1604 1342 1678 ange·
1383 1578 1545 1675 gelicum
1575 1578 1665 1650 nibil
1689 1579 1787 1654 aliud
1820 1581 2055 1673 intelligitur,
2089 1603 2200 1675 quam

502 1684 505 1689 '
526 1676 649 1751 lorurn
664 1672 855 1768 relatione,
878 1704 944 1754 nec
956 1680 1130 1778 peculiari
1150 1681 1274 1752 divina
1287 1704 1340 1752 re·
1383 1676 1614 1750 adsiduum&
1628 1673 1840 1766 indefessum
1849 1680 2198 1770 illudministerium,

526 1778 704 1852 velatione
719 1802 801 1854 earn
813 1783 858 1852 ad
875 1804 953 1854 rem
970 1802 1062 1876 opus
1079 1778 1158 1849 erit.
1188 1778 1241 1864 3.)
1256 1778 1341 1851 Mo·
1384 1778 1481 1872 quod
1510 1774 1654 1868 Deov&
1677 1777 1887 1849 bominibus
1920 1776 2110 1872 praestanr,
2145 1782 2200 1855 illi

532 1875 569 1947 di
582 1877 638 1950 illi
651 1869 823 1953 ornnes&
845 1881 973 1975 singuli
988 1869 1250 1977 suntd'ppacbot.
1268 1876 1341 1951 Ne·
1383 1875 1533 1969 quidem
1554 1897 1619 1970 pet
1641 1874 1776 1974 laudam
1788 1883 1994 1969 preconia,
2030 1881 2197 1951 hisvero

529 1995 600 2069 que
622 1978 721 2051 enim
740 1972 980 2057 Bellarminus
1001 2001 1046 2049 ex
1066 1976 1170 2051 diciis
1193 1977 1341 2071 scriptu·
1382 1995 1448 2067 per
1467 1971 1759 2069 cododioeofficio,
1787 1998 1871 2046 curn
1887 1967 2007 2049 stnrrfi
2026 1974 2099 2052 &cst
2120 1977 2198 2054 {ne-

528 2074 581 2143 rae'
606 2097 667 2146 eoo
686 2076 816 2170 probat
829 2076 923 2165 ,sed
938 2101 983 2150 ex
997 2096 1141 2171 patrum
1168 2098 1340 2171 quorum·
1382 2069 1520 2171 inaug
1540 2067 1607 2148 τῶν
1625 2067 1821 2174 α’νθρώπων
1836 2066 2011 2176 ὑπηρέται.
2055 2079 2111 2171 3.)
2130 2080 2197 2151 -llli

490 2199 496 2211 ·
527 2170 613 2243 darn
643 2175 875 2270 opinionibus
898 2171 1198 2272 &probabilibus
1223 2175 1341 2246 conie·
1381 2175 1503 2266 potius
1519 2196 1644 2269 preces
1664 2177 1913 2247 viventiumin
1931 2180 2036 2250 terris
2048 2180 2197 2270 piorum

527 2267 652 2344 Ruris.
701 2275 770 2368 4.)
792 2272 877 2346 Non
892 2274 1068 2370 probatur
1086 2295 1132 2344 ex
1152 2272 1244 2345 hisce
1262 2296 1339 2345 rno-
1382 2273 1503 2367 angeli
1523 2272 1713 2361 deferunt,
1745 2295 1857 2367 quem
1891 2272 1954 2369 ipsr
1980 2278 2088 2347 etiam
2110 2280 2196 2351 ado.·.

525 2369 581 2441 dis
607 2370 805 2468 principale
843 2372 1047 2469 quaesitum,
1073 2373 1170 2466 quod
1192 2370 1265 2457 est,
1293 2394 1339 2445 an
1380 2390 1471 2442 rant.
1523 2372 1638 2466 Atqui
1650 2373 1772 2469 angeli
1797 2375 1981 2446 nerninem
1994 2374 2057 2446 nisr
2078 2375 2196 2451 solum

522 2462 633 2541 sansli
650 2470 809 2545 defunsli
823 2470 1092 2556 srnt'onrniscii,
1127 2470 1338 2543 omniscien-
1379 2489 1509 2541 verum
1529 2469 1650 2542 Deum
1669 2474 1819 2542 adorant
1840 2480 1873 2545 δι
1892 2475 2042 2546 adorare
2055 2474 2193 2564 iubent,

525 2566 575 2637 ria
591 2565 721 2643 scilicet
737 2593 804 2659 eo,
832 2595 911 2666 qua
933 2565 1106 2663 religiosa
1139 2571 1336 2642 inuocatio-
1377 2568 1492 2661 Apoc.
1508 2569 1603 2640 xlx.
1618 2591 1673 2643 ιο.
1699 2570 1811 2641 XXII.
1829 2594 1865 2662 9.
1903 2574 1998 2669 Ergo
2014 2572 2080 2645 soli
2099 2574 2193 2660 Deo,

523 2666 586 2739 nis
600 2666 648 2739 est
667 2667 956 2742 fundamentum.
1004 2668 1103 2743 Nam
1127 2669 1151 2739 si
1173 2672 1234 2741 vel
1261 2692 1335 2741 rna·
1378 2668 1450 2737 non
1472 2687 1595 2747 autern
1615 2666 1742 2741 sandi-is
1767 2669 1944 2744 defundis
1964 2695 2094 2767 preces
2115 2676 2196 2769 pio-

522 2762 623 2837 xi'rne
647 2762 758 2863 sarrsli
772 2770 883 2841 multa
901 2765 1122 2863 cognoscunt
1133 2768 1193 2859 vel
1212 2792 1258 2840 ex
1273 2788 1345 2841 an..
1377 2785 1462 2837 rum
1486 2767 1525 2838 in
1540 2768 1644 2840 terris
1666 2770 1785 2846 adhuc
1798 2766 2001 2843 viventium
2022 2771 2194 2847 offerunt.

522 2867 694 2960 gelatum
709 2870 914 2955 relatione,
941 2868 1063 2937 velex
1086 2886 1222 2941 natura
1245 2860 1334 2938 celess
1378 2866 1437 2958 4.)
1464 2864 1521 2937 Ne
1533 2865 1598 2960 ipsi
1626 2868 1774 2961 quidem
1804 2870 1926 2961 angeli
1948 2873 2088 2944 occulta
2113 2896 2201 2946 core

521 2963 725 3053 ritate,vel
743 2990 788 3038 ex
812 2966 985 3061 peculiari
1003 2964 1073 3036 Dei
1095 2966 1334 3054 revelatione,
1378 2965 1482 3037 dium
1501 2961 1731 3059 introspicere
1757 2962 1928 3061 possunt,
1964 2992 2052 3066 ergo
2080 2975 2194 3047 etiarn

520 3081 642 3135 tamen
670 3087 743 3136 non
764 3085 953 3161 propterea
977 3063 1054 3136 sunt
1072 3063 1246 3135 omnise'ii.
1297 3066 1335 3137 Si
1372 3063 1449 3134 ¹non
1467 3060 1607 3160 possunt
1628 3063 1894 3136 eaadsandios
1919 3068 2071 3141 deferre.
2111 3073 2191 3149 lant

520 3161 583 3234 vel
594 3165 755 3236 maxime
774 3166 813 3239 in
828 3165 910 3236 Deo
918 3165 1043 3235 vident
1058 3164 1181 3234 omnia
1199 3168 1331 3259 aprin,
1374 3184 1461 3234 voro
1479 3184 1604 3258 preces
1621 3164 1760 3233 occulto
1783 3166 1901 3234 cordis
1923 3169 2063 3259 gemitu
2075 3192 2193 3264 quan.

519 3260 613 3354 cipio
632 3259 698 3334 suae
723 3262 984 3348 beatitudinis,
1025 3282 1144 3334 tamen
1168 3264 1331 3337 nondum
1373 3261 1492 3353 doque
1518 3266 1753 3356 peraguntur.
1807 3264 1861 3355 ς.)
1894 3264 1929 3333 Si
1945 3269 2192 3361 angelimodo

515 3356 598 3456 ipos
613 3365 784 3457 competit
804 3361 1071 3448 omniscientia,
1097 3361 1331 3455 quiaipsrmet
1371 3361 1415 3445 ad
1437 3362 1546 3433 coelos
1563 3362 1800 3447 adscendunt,
1827 3365 1935 3433 modo
1958 3365 2040 3435 inde
2052 3371 2096 3439 ad
2119 3393 2188 3444 nos

514 3458 692 3555 pontificii
725 3464 888 3548 addunt,
924 3460 1021 3556 quod
1055 3457 1270 3555 cognoscant
1292 3465 1329 3533 in
1371 3455 1608 3548 descendunt,
1636 3481 1708 3531 non
1725 3457 1812 3533 sunt·
1826 3461 1964 3557 ubique
1980 3463 2188 3557 presentes,

515 3554 585 3630 boc
600 3557 740 3654 speculo
755 3581 818 3647 ea,
845 3583 924 3655 qua
941 3563 985 3631 ad
1000 3557 1093 3655 ipsos
1115 3559 1236 3653 aliquo
1252 3584 1328 3631 rno-
1369 3559 1523 3652 proinde
1554 3557 1662 3632 status
1696 3557 1787 3647 iste,
1827 3583 1937 3654 quem
1952 3565 2119 3638 homines
2147 3571 2187 3640 in

417 3730 420 3735 ,
516 3657 561 3731 do
571 3660 763 3751 pertinent.
790 3660 1104 3748 Quemadmodum
1117 3658 1229 3753 igitur
1249 3659 1328 3732 Bel·
1369 3658 1476 3729 terris
1498 3658 1662 3749 viventes¹
1687 3657 1868 3748 obtinent,
1895 3665 2038 3757 quando
2053 3666 2090 3734 in
2113 3691 2188 3739 coe-

513 3756 691 3831 larminus
712 3756 906 3832 secundum
926 3759 1081 3830 modurn
1108 3759 1235 3829 evertit
1260 3761 1328 3830 hoc
1357 3754 1448 3828 'lum
1467 3757 1542 3828 iam
1555 3755 1836 3847 adscenderunt,
1870 3785 1941 3832 non
1957 3759 2005 3833 est
2018 3763 2100 3858 ἱρῆς
2119 3790 2187 3840 no·

511 3875 762 3951 argumento:
801 3859 860 3929 Ad
887 3855 1150 3951 cognoscendas
1174 3876 1327 3951 preces,
1369 3873 1439 3926 tus.
1466 3849 1706 3928 Damascenus
1723 3856 1786 3929 lib.
1797 3859 1842 3930 ll.
1859 3864 1950 3934 ortb.
1962 3860 2021 3933 fid.
2033 3866 2186 3958 capili.

514 3975 596 4048 quae
609 3956 739 4028 eodem
752 3977 914 4051 ternpore
929 3956 1020 4028 liunt
1031 3957 1069 4026 in
1092 3954 1327 4028 diversissimis
1368 3952 1605 4056 nepsyoorrrot
1621 3951 1652 4029 o‘t
1671 3949 1848 4063 dnonas,
1874 3955 1931 4034 ὅτε
1954 3987 2025 4063 γαρ
2049 3963 2128 4039 sion
2149 3964 2187 4042 ἐν

510 4052 634 4144 locis,
660 4053 869 4128 nonsufficit
885 4054 1072 4140 celeritas,
1099 4052 1156 4125 sed
1172 4057 1326 4149 requiri·
1368 4044 1498 4155 ἐρανῷ.
1511 4064 1571 4162 ’.ἐκ
1591 4052 1668 4131 sirit
1691 4055 1721 4130 ir
1742 4042 1788 4154 τῇ
1811 4056 1860 4157 γῇ
1872 4110 1885 4150 ,
1918 4061 1951 4160 a}
1974 4058 2018 4144 εἰς
2035 4059 2093 4138 crit
2115 4067 2182 4163 γῆν

510 4173 575 4227 rur
609 4175 701 4225 vera
722 4154 927 4248 ubiquitas,
964 4174 1075 4246 quam
1092 4175 1159 4224 nec
1182 4155 1327 4250 angelo-
1368 4147 1440 4231 ὑπὸ
1458 4154 1530 4230 &te
1551 4154 1837 4244 α’ποςελλόμενοι
1861 4161 1906 4235 ἐκ
1925 4160 2183 4246 ἐωπομὲνεσιν

510 4264 597 4326 rum
616 4259 683 4325 nec
708 4255 899 4327 hominurn
926 4250 1107 4346 spiritibus
1130 4250 1323 4325 convenire
1366 4254 1493 4352 ἔντῷέ
1515 4253 1593 4352 nep,
1642 4259 1706 4361 7.)
1729 4259 1872 4330 Animae
1884 4263 2031 4356 piorum
2048 4270 2184 4345 exhac·

428 4396 432 4431 ;
511 4355 724 4426 eredimus:
747 4355 797 4426 ita
813 4355 940 4424 modos
952 4351 1034 4422 illos
1049 4374 1175 4424 omncs
1194 4355 1322 4425 everti·
1362 4359 1439 4430 vita
1460 4279 1698 4443 discedenteS,
1744 4379 1833 4450 quas
1860 4362 1974 4532 3Ιίἓυί
1995 4354 2069 4438 una'
2091 4391 2180 4443 curn

509 4474 594 4525 mus
615 4454 685 4524 hoc
713 4438 1038 4550 argtr'rnentoz'Ad
1059 4440 1322 4620 cognoscendas
1363 4458 1504 4555 angelis
1534 4458 1573 4528 in
1597 4458 1665 4527 boc
1687 4454 1902 4531 reserendio
1942 4463 1996 4533 cio
2024 4469 2180 4545 coniun-

448 4597 450 4602 ι
507 4562 657 4647 preces,
683 4552 1080 4645 quae'eodemtempore
1123 4552 1250 4631 untin
1271 4556 1322 4627 di·
1363 4577 1479 4652 gunt,
1507 4577 1581 4627 non
1596 4551 1736 4650 possunt
1752 4557 1834 4648 plus
1856 4549 2022 4651 referre,
2061 4587 2179 4658 quarn

506 4649 828 4737 versrffimislocis,
851 4647 1326 4747 atqueinterdumsolocor-
1366 4654 1494 4728 sciunte
1539 4655 1655 4749 Atqui
1675 4653 1743 4726 illae
1773 4674 1913 4732 tantum
1931 4683 2065 4736 norunt
2084 4689 2178 4760 pre·

507 4752 563 4825 dis
579 4750 719 4846 gemitu
741 4771 986 4846 peraguntur,
1013 4770 1086 4819 non
1100 4742 1222 4819 sufficit
1234 4774 1321 4847 qua-
1363 4756 1485 4827 teriras
1511 4763 1545 4828 δι
1565 4752 1774 4850 presentes,
1809 4781 1882 4830 non
1900 4762 2174 4839 autemsuturas

506 4850 678 4924 rumdam
691 4869 816 4923 rerum
835 4848 999 4934 scientia,
1040 4845 1098 4918 sed
1119 4849 1321 4942 requiritur
1362 4838 1567 4927 viventium
1577 4854 1807 4943 calamitates.
1841 4863 1904 4946 8.)
1928 4861 2177 4956 thuidmul·

382 4938 413 4979 ³
506 4971 595 5023 vera
615 4946 866 5034 omniscentia,
892 4969 1004 5043 quarn
1025 4968 1092 5027 nec
1103 4944 1245 5043 'angelis
1255 4973 1321 5024 nec
1359 4950 1428 5026 tis?
1452 4950 1694 5027 Bellarminus
1717 4952 1789 5050 ipse
1816 4960 1914 5031 hunc
1933 4964 2085 5035 modum
2116 4989 2175 5037 rc·

504 5044 698 5124 animabus
713 5045 879 5146 separatis
899 5046 1093 5121 convenire
1118 5047 1319 5141 credimus.
1357 5052 1498 5147 podiae
1547 5054 1617 5125 Nec
1638 5057 1744 5152 angeli
1761 5105 1773 5144 ,
1799 5059 1920 5154 inquit
1938 5106 1952 5147 ,
1984 5087 2039 5133 nec
2056 5065 2173 5136 beatae

884 5234 892 5245 ι
1356 5153 1485 5223 animae
1509 5153 1634 5251 etiamst
1646 5155 1938 5255 praesentesfiot,
1970 5158 2103 5260 pensant
2120 5190 2174 5237 co.

501 5276 726 5371 mmmm
817 5254 876 5334 ,5.
897 5238 1098 5319 cccxxn.
1147 5245 1313 5342 Inspecr'e
1351 5251 1504 5348 gnoscere
1520 5254 1718 5325 naturalior
1729 5279 1840 5348 prem
1854 5259 1997 5352 nanim,
2034 5272 2171 5359 qum.

421 5352 425 5361 '
522 5386 575 5453 w
585 5372 706 5454 qens,
773 5346 825 5445 l.)
843 5346 897 5423 -de
919 5336 1072 5421 relatione
1087 5373 1153 5446 per
1183 5348 1314 5449 angelos
1343 5350 1420 5447 soso
1436 5356 1630 5454 cogitatione
1651 5378 1795 5434 namu.
1843 5359 1939 5457 Ergo
1954 5362 2086 5438 modus
2106 5389 2168 5437 co·
2199 5364 2219 5473 J

1568 5474 1618 5511 ·.
2077 5483 2177 5566 gno.

2128 5690 2141 5727 l
