4934 6392
416 620 492 715 310·
762 630 938 705 rocus
962 568 1148 705 xxvuss
1175 622 1368 702 entur
1401 566 1514 701 vni.
1561 622 1766 700 secero
1792 602 1898 699 rm
2037 688 2041 695 .

427 778 607 903 pretatioui
635 808 861 883 Salmeroniua
893 810 984 883 redle
1014 812 1178 908 opponit,
1203 806 1293 904 quod
1325 811 1437 904 quitur
1455 806 1497 879 de
1514 811 1579 877 ritu
1602 802 1788 903 baptizandi
1811 798 2006 873 chrislianot
2027 796 2069 871 ed
2090 797 2199 899 sepol-

430 903 533 990 Judaei
553 904 671 980 nullibi
686 910 836 1007 legantur
850 934 913 1007 pro
927 908 997 980 aliis
1012 911 1152 981 mortuis
1170 926 1223 976 aut
1242 910 1290 977 vi·
1329 932 1383 978 cra
1408 925 1639 991 mortuorum,
1676 907 1733 999 qui
1754 900 1819 973 fuit
1845 896 2037 993 suurbolum
2059 898 2139 971 fidet
2161 904 2197 983 α

430 1006 580 1078 uentibus
602 992 773 1103 baptizati,
800 1008 892 1105 quod
915 1008 1044 1081 nullum
1069 1011 1103 1077 in
1125 1001 1293 1101 scripturis
1328 1004 1543 1077 confessionis
1555 1003 1597 1073 de
1614 997 1856 1075 resurreetione
1869 1019 2083 1072 mortuorum
2099 1022 2142 1069 ec
2153 996 2196 1069 de

428 1100 530 1173 exslet
551 1104 743 1202 vesligiuru,
777 1105 970 1203 quod'unus
990 1129 1052 1204 pro
1071 1105 1177 1175 altero
1198 1126 1291 1173 cere·
1328 1101 1530 1175 culledlionc
1557 1107 1593 1173 dt
1616 1095 2125 1195 consociationebaptizatorum
2145 1099 2195 1166 ri·

433 1204 565 1271 monier
588 1203 660 1275 illas
678 1204 798 1301 legales
816 1200 991 1321 obseruare
1010 1206 1177 1322 potuerit,
1200 1198 1292 1369 puod
1327 1224 1450 1272 uomm
1469 1197 1627 1318 spirituali
1650 1222 1727 1365 qum
1741 1194 1898 1365 membqip
1919 1200 2015 1363 napus
2032 1192 2196 1363 ejusdequ

433 1297 1292 1497 tigillittt,55?llilll‘illlbpftl
1315 1298 1970 1497 tttlttliilttzttlttntt
1987 1316 2197 1463 iiiiii.

432 1493 480 1565 th.
499 1514 557 1570 28.
585 1496 683 1567 talem
699 1498 873 1594 hujueloci
895 1501 1202 1592 interpretationem
1215 1516 1294 1593 pro·
1328 1490 1542 1567 surretiionis
1560 1492 1723 1564 obeunda.
1772 1498 1894 1588 Νεκρός
1912 1495 2050 1587 proprie
2063 1485 2196 1609 Nsignifi·¹

285 1690 290 1695 .
431 1587 517 1663 fert:
543 1600 635 1699 le
640 1601 780 1691 feritaret
797 1593 866 1675 itti,
894 1600 951 1692 qui
969 1596 1200 1688 baptizantur,
1227 1596 1294 1664 hoc
1333 1616 1385 1665 cat
1406 1594 1545 1665 cadauer
1562 1594 1728 1677 hominia,
1754 1594 1787 1662 dt
1807 1587 1991 1686 propositio
2008 1588 2093 1687 ὑπερ
2117 1610 2196 1661 cum

432 1688 498 1775 eti,
523 1695 556 1759 in
575 1698 720 1786 pericula
734 1702 766 1768 dr
781 1716 927 1766 mortem
942 1692 1043 1791 iplbm
1058 1691 1090 1766 se
1103 1696 1300 1783 conjiciunt,
1332 1696 1479 1790 genitivo
1497 1716 1558 1789 pro
1563 1691 1674 1787 super
1694 1686 1863 1781 uelsupta
1882 1686 1921 1756 ad
1942 1687 2126 1758 notandum
2146 1684 2196 1757 lo·

434 1786 557 1869 Mattlu
575 1792 645 1865 XX.
660 1820 715 1866 ae.
741 1792 1047 1892 subpediteupait,
1065 1795 1190 1888 super,
1214 1809 1295 1880 pre·
1331 1815 1408 1864 cum
1430 1792 1515 1886 apud
1534 1787 1668 1861 Graicos
1686 1782 1798 1883 saepius
1820 1782 2008 1879 usurpatur,
2044 1802 2080 1855 ut
2095 1782 2196 1879 sigui-¹

432 1895 483 1954 ter
501 1884 547 1959 δ’
566 1896 654 1960 ultra
676 1892 769 1978 illos,
797 1896 851 1988 qui
868 1891 934 1987 jam
955 1912 1028 1962 ante
1053 1910 1190 1987 propter
1212 1912 1295 1958 con·
1333 1888 1411 1962 sicet
1427 1891 1538 1976 idem,
1561 1886 1653 1984 quod
1669 1881 1834 1985 ὑπεράνω.
1894 1884 1984 1953 Huic
2001 1886 2197 1975 interprete·

432 1978 608 2057 stellionem
629 1989 752 2061 Chrisli
769 1991 821 2060 vel
835 1988 939 2061 saltim
953 1994 986 2060 in
1004 2013 1040 2059 ea
1056 1992 1179 2061 mortui
1197 1983 1293 2071 sunt,
1333 1991 1417 2059 tioni
1440 1990 1639 2085 opponitur,
1666 1987 1755 2079 quod
1774 2007 1830 2053 aee
1847 1981 2081 2078 infarcirent
2102 1979 2199 2053 cette-Y

434 2083 514 2175 quid
535 2082 635 2155 causae
656 2086 719 2177 etl,
759 2087 849 2185 quod
876 2106 926 2156 tot
954 2087 1102 2175 labores,
1139 2084 1296 2168 dolores,
1323 2082 1625 2186 fiasticissriss'arlt't
1648 2081 2085 2181 srtejurritatfiattnetttia,
2113 2080 2197 2174 qui·
2236 2166 2240 2175 1

433 2182 599 2289 pericula,
624 2184 923 2282 mortemdeuique
938 2184 1037 2281 ipsam
1052 2188 1296 2335 perpetiantur,
1329 2192 1441 2280 patius
1463 2209 1502 2255 ex
1526 2184 1660 2279 bisiaria
1680 2184 1863 2278 evangeliea
1882 2180 1924 2267 ξς
1942 2178 2022 2250 attis
2036 2178 2199 2294 appstolig

433 2274 458 2345 ir
475 2283 762 2399 omninourortui
777 2308 844 2353 uon
866 2277 1064 2396 resurgunt..
1113 2285 1184 2352 Cur
1199 2277 1297 2449 super
1332 2287 1377 2400 riq
1397 2280 1505 2380 colligi
1515 2288 1539 2397 ,²¹
1553 2287 1641 2379 quod
1665 2283 1700 2351 ia
1720 2284 1839 2396 edibus
1854 2281 1995 2397 palpatis
2013 2281 2065 2348 uel
2080 2278 2197 2373 tttfltr·

435 2378 606 2469 &praeter
626 2375 1295 2476 illusmortuoseandcrustuespereur·
1332 2406 1418 2455 artae
1450 2383 1627 2478 baptismus
1652 2380 1763 2474 suerit
1796 2376 2051 2464 administratus.
2103 2375 2197 2471 Rtsp.

434 2473 593 2546 redlionis
610 2475 714 2549 aleam
740 2476 865 2567 subire,
896 2498 993 2575 utque
1012 2485 1054 2549 ita
1076 2481 1236 2573 baptizari
1261 2481 1294 2548 dt
1330 2504 1536 2581 nequaquam
1553 2478 1713 2561 dicimus,
1737 2481 1837 2552 ritum
1852 2480 1941 2550 hunc
1956 2470 2199 2551 tutffeuaiver,
2238 2490 2242 2503 “

376 2580 382 2585 ”
435 2564 471 2637 in
488 2568 694 2646 adllitlioues
714 2576 866 2675 demergi
888 2576 1012 2654 uelint?
1063 2578 1154 2647 Huic
1170 2572 1297 2670 expost-
1330 2575 1429 2651 salem
1449 2584 1484 2649 in
1500 2581 1613 2673 quavis
1631 2573 1781 2671 baptismi
1802 2566 2084 2645 administratione
2104 2593 2199 2645 reca-

434 2667 519 2737 tioni
540 2669 642 2745 robur
667 2680 823 2771 quaritur
845 2700 885 2746 ex
911 2699 974 2761 eo,
1007 2673 1098 2773 quod
1121 2699 1151 2747 v.
1174 2698 1228 2748 ac.
1253 2669 1295 2745 ra*
1333 2698 1445 2777 ptum,
1475 2670 1534 2747 ¹sed
1556 2675 1711 2749 duntaxat
1729 2670 1989 2767 particularem,
2023 2668 2198 2765 aquibue·

280 2776 294 2785 ”
421 2762 591 2861 baptizati
603 2773 752 2843 videatur
765 2762 1296 2871 etptteerrpermlvreteu,v.³1.
1335 2778 1412 2847 daut
1441 2778 1502 2873 piis
1531 2773 1726 2847 ob'cettam
1746 2766 1838 2873 spem
1862 2764 2115 2841 resurtediionia
2140 2767 2198 2841 de·

434 2863 746 2959 Pifdmiitsmtt,
762 2865 1298 2970 quodperparticulamcopulati·
1333 2870 1579 2948 tnonslrundam
1599 2866 1798 2969 usurpatum.
1848 2865 1965 2941 Refert
1988 2860 2199 2953 enim-Ense·

436 2982 511 3035 vem
524 2966 754 3059 qqiapossolus
766 2967 924 3056 infinuet,
950 2966 1041 3039 idem
1062 2985 1297 3066 argumentum
1335 2975 1406 3065 bin-s
1424 2970 1481 3048 lib,
1497 2972 1556 3050 tv,
1574 2968 1647 3046 hill,
1671 2966 1753 3041 eccl.
1769 2966 1840 3065 cap.
1861 2992 1872 3035 r
1883 2991 1914 3049 ς.
1936 2986 1977 3035 ex
1991 2962 2132 3058 epillole
2147 2986 2200 3037 ea·

435 3082 470 3141 V·
486 3087 541 3146 29·
555 3070 588 3135 dt
606 3090 660 3143 30·
677 3066 806 3137 trattati
816 3117 826 3152 ‚
854 3065 986 3162 quiade
1002 3062 1080 3136 sein
1098 3070 1206 3162 prima
1222 3087 1296 3161 per·
1335 3069 1439 3143 clesue
1460 3065 1686 3161 smyrnensu,
1713 3068 1806 3163 quod
1830 3065 1874 3135 itt
1891 3064 2101 3135 condiderint
2116 3063 2203 3135 arar-¹

434 3150 513 3229 sona
539 3161 688 3259 loquitur
708 3188 740 3236 v.
760 3186 816 3249 30·
848 3188 925 3234 curu
950 3168 1040 3259 priua
1065 3167 1159 3234 tertia
1186 3158 1297 3233 sitisset
1335 3172 1420 3266 tyris
1445 3168 1626 3263 Potpearpt
1649 3158 1737 3260 offa,
1769 3165 1824 3235 ubi
1844 3161 2014 3251 estrifliaai
2032 3166 2076 3233 ad
2096 3162 2202 3233 cester

436 3253 528 3342 ⁰s¹¹⁸2
552 3280 584 3332 V·
605 3284 661 3341 ²9·
689 3260 845 3355 quodque
859 3278 966 3332 totum
979 3262 1046 3331 hoc
1062 3278 1296 3357 argumentum
1334 3270 1442 3338 dictat
1459 3266 1648 3338 exercitium
1662 3262 1939 3356 conueniresatiti
1948 3260 2108 3356 fuerint,
2135 3256 2200 3353 jem

290 3402 294 3407 ·
336 3380 339 3385 '
436 3354 736 3459 goncludttwu.
755 3360 790 3455 st
812 3364 1013 3431 taortuiaotr
1036 3358 1234 3458 resurgunt,
1260 3380 1298 3427 ac
1334 3387 1416 3436 vero
1435 3361 1559 3433 conslat
1575 3385 1615 3431 ex
1638 3364 1848 3457 antiquitate,
1875 3355 2074 3453 baptismum
2087 3354 2201 3439 ,admi-

435 3450 522 3523 nihil
543 3454 689 3531 utilitatis
702 3455 742 3524 ad
762 3480 824 3527 nos
840 3456 945 3545 redit,
973 3455 1056 3526 llulti
1070 3454 1191 3542 sumno,
1204 3455 1297 3554 quod
1335 3463 1463 3534 nislrari
1485 3455 1582 3531 fuisse
1606 3453 1740 3529 solitum
1756 3463 1790 3526 in
1802 3456 1947 3621 publicis
1964 3452 2201 3529 cccleslaebuu·

436 3572 509 3622 ¹¹01!
530 3550 659 3622 mundo
681 3577 757 3623 cum
781 3553 911 3623 mundo
934 3572 1073 3625 utamur.
1137 3554 1200 3625 Sed
1225 3550 1297 3623 talis
1334 3557 1503 3642 ventibus,
1528 3556 1713 3627 srcutverbi
1733 3578 1798 3650 pra
1826 3558 1924 3623 icetio
1945 3559 1979 3625 dt
2000 3550 2200 3624 eucharistia

436 3645 928 3747 significatioparticulaedrrlp,
952 3675 1014 3748 pro
1031 3656 1120 3724 ultra
1136 3657 1168 3723 a
1182 3664 1301 3746 preter
1336 3655 1517 3729 celebratio
1543 3659 1577 3724 in
1602 3653 1737 3750 publico
1764 3671 1930 3721 conuentu
1959 3646 2023 3720 fuit
2047 3649 2201 3724 inslltutr.

438 3938 616 4023 rebantur,
638 3943 802 4036 atropico
823 3940 884 4012 illo
899 3942 1062 4041 baptismo
1081 3948 1232 4016 crucis&
1250 3967 1303 4013 ca·
1341 3950 1407 4023 Det
1433 3972 1503 4041 cap.
1525 3970 1562 4033 9.
1598 3950 1727 4019 Aetne
1756 3948 1886 4040 plaruai
1911 3954 2116 4014 mortuum
2140 3965 2203 4014 aaa

424 4034 644 4122 irmbutum,
676 4036 716 4107 de
741 4036 808 4133 qud
832 4062 865 4108 v.
884 4066 941 4117 30,
969 4064 1068 4139 agere
1086 4044 1222 4137 incipit,
1248 4040 1303 4111 ubi
1331 4046 1540 4142 separantur
1559 4047 1601 4115 ab
1621 4042 1766 4141 intesta,
1793 4063 1861 4140 que
1876 4046 1969 4113 etiarn
1991 4062 2078 4112 um
2096 4040 2141 4128 eli
2156 4062 2204 4111 re-

439 4157 566 4205 novutu
588 4140 622 4206 ἀ
643 4134 1304 4235 aptiorediuinetumproreturreuio·
1365 4170 1440 4216 autu
1466 4142 1597 4231 Cirttt.
1665 4146 1827 4239 Alioquin
1853 4164 1912 4211 etet
1936 4142 1981 4210 ad
2008 4140 2119 4209 ultan
2142 4137 2204 4214 Dei

439 4256 483 4305 ne
506 4252 741 4399 arpumentum
764 4230 905 4329 profert.
969 4235 1070 4318 Quod
1098 4235 1122 4305 sr
1147 4239 1239 4306 enim
1263 4233 1305 4305 de
1333 4170 1363 4336 ᾗ

443 4329 607 4427 baptimo
628 4334 735 4400 cruere
758 4335 791 4402 ἃ
810 4335 927 4403 mortu
948 4356 977 4404 v.
996 4359 1051 4414 29·
1074 4329 1206 4428 egidii,
1237 4356 1307 4403 non
1346 4340 1486 4433 curisti,
1512 4362 1569 4411 rue
1586 4342 1713 4436 atique
1729 4334 1892 4435 proaeffet
1911 4343 1954 4409 aa
1975 4336 2043 4435 ejas
2056 4338 2100 4409 te
2119 4334 2214 4430 pert·v
2240 4322 2242 4368 ²

302 4452 310 4463 ·
445 4431 483 4499 in
505 4433 601 4498 tertie
623 4424 762 4523 persona
773 4424 936 4500 dixisset:
965 4432 1058 4526 Quid
1069 4434 1225 4523 j'att'aut,
1251 4433 1308 4527 qai
1344 4438 1423 4510 catis
1440 4440 1628 4532 baptismum
1651 4461 1801 4512 caetere,
1824 4460 1865 4508 ere
1886 4434 1950 4527 piae
1972 4428 2039 4505 ussa
2058 4433 2205 4529 finiatur

290 4594 293 4599 .
442 4527 679 4621 baptizaretur3
720 4521 773 4595 sed
800 4528 833 4594 in
860 4530 966 4622 prima
987 4526 1126 4623 persona
1150 4526 1182 4597 se
1204 4526 1309 4622 ipsum
1346 4538 1405 4609 irae
1420 4542 1508 4614 vita,
1535 4562 1593 4608 ene
1609 4541 1652 4606 att
1667 4536 1979 4620 reconciliationem,
1993 4533 2134 4632 fisarte
2146 4552 2205 4627 per

442 4624 560 4693 iisdem
587 4616 847 4708 adnumerasset,
887 4646 963 4697 cum
994 4630 1029 4695 dt
1056 4622 1123 4720 ipse
1157 4626 1311 4723 periculis
1342 4640 1559 4731 mirantium
1579 4633 1735 4707 malamve
1762 4634 1986 4730 conscientiam
2010 4634 2147 4731 quisque
2168 4628 2205 4701 as

445 4724 568 4792 mortis
588 4739 726 4816 propter
747 4718 872 4790 Cbrisli
897 4718 1139 4820 cousellrouem
1162 4728 1312 4821 quotidie
1347 4742 1454 4806 ,odim
1476 4757 1611 4828 corpore
1623 4735 1798 4829 separatus
1814 4733 1869 4825 est.
1923 4739 1991 4807 cut
2014 4734 2097 4802 etrite
2114 4728 2207 4823 finus

447 4816 549 4889 fuerit
569 4817 742 4913 expofitue.
808 4817 963 4890 Liberum
987 4836 1096 4890 tamen
1119 4826 1238 4917 cuique
1259 4846 1310 4893 re·
1347 4832 1430 4925 ista,
1458 4834 1518 4925 rifi
1536 4835 1614 4930 quia
1625 4831 1737 4922 fideles
1755 4837 1850 4904 etiam
1867 4826 2017 4928 defunssi
2032 4831 2103 4928 ejus
2118 4850 2207 4901 eten-
2240 4822 2242 4847 '

444 4914 641 5013 linquimus,
668 4914 690 4985 fi
716 4916 801 4986 hanc
822 4917 1148 5013 interpretationem,
1175 4944 1247 5016 quae
1264 4924 1313 4990 ni·
1349 4936 1408 5002 m
1428 4933 1533 5029 sunt?
1602 4932 1655 5020 4·)
1680 4930 1872 5002 Bellarmini
1899 4924 2208 5024 expofittoni,'qua

430 3743 542 3849 uideri
550 3743 666 3912 pollet
680 3745 779 3849 paulo
792 3747 962 3837 condior,
988 3774 1026 3822 ac
1041 3750 1302 3845 dillinguitapo·
1343 3754 1602 3826 1.c‹›r.xt.20.
1625 3751 1713 3823 XlV.
1726 3763 1783 3820 ao.
1840 3748 1985 3829 Quidam
2013 3750 2115 3817 etlam
2139 3749 2202 3819 buc
2234 3766 2242 3775 ·

436 3839 538 3912 slolus
567 3843 675 3913 aetum
689 3868 827 3930 eorum,
849 3852 906 3942 qui
923 3841 1018 3943 super
1032 3866 1183 3917 mortuos
1200 3848 1302 3943 bapti·
1336 3850 1596 3923 adcommodant
1613 3846 1726 3917 locum
1741 3845 1912 3942 Augusliul
1929 3842 2072 3920 lib.XX.
2086 3842 2129 3915 de
2142 3848 2203 3913 cir.
2238 3888 2242 3901 ·

1364 4255 1431 4312 eret
1450 4264 1559 4313 earam
1585 4244 1735 4312 memoria
1757 4243 1792 4311 ia
1809 4240 2034 4312 romanicae
2059 4236 2204 4331 carparis
2240 4264 2242 4271 ·

446 5015 493 5085 hil
514 5013 695 5111 ‘suillium
711 5012 798 5083 'fidis
821 5013 982 5111 issils’glae
1003 5037 1188 5112 “Pugsstsi
1203 5022 1311 5087 couti-
1347 5052 1406 5196 per
1419 5024 1614 5123 baptismum
1626 5052 1688 5124 pro
1698 5032 1838 5101 mortuis
1849 5028 2006 5123 iutelligit
2016 5020 2208 5121 baptismum
2240 5090 2242 5125 ;

450 5133 526 5196 uet,
560 5107 716 5208 artrpletli
741 5109 830 5184 uelit.
905 5119 954 5203 3.)
986 5113 1059 5181 Nos
1079 5114 1314 5210 auqletlimur

452 5210 485 5281 b.
502 5211 639 5280 lutheri
661 5210 937 5303 explicationem,
962 5206 1054 5306 quod
1076 5216 1151 5310 apos
1168 5214 1243 5285 olue
1265 5212 1314 5283 lo·
1343 5224 1419 5319 edo,
1452 5224 1634 5322 jejunando
1657 5229 1692 5298 α
1719 5219 1949 5318 eleemosynae
1972 5218 2133 5391 faciendp
2146 5238 2211 5397 pp:

1398 5371 1400 5376 .
2127 5344 2144 5391 ς
2201 5354 2214 5375 ·

1362 5132 1560 5199 acrimatmn
1574 5133 1606 5198 ἁ
1623 5131 1841 5224 poenitentiae,
1867 5130 1923 5222 qui
1937 5120 2106 5227 suscipitur
2119 5144 2209 5195 oren·
2222 5172 2224 5179 -
2239 5134 2242 5169 ¹

2146 5532 2148 5537 .
2226 5466 2242 5545 i

2032 5622 2037 5629 .
2133 5568 2136 5573 ¹
2234 5576 2242 5617 l
