4934 6392
394 706 400 715 ’
532 728 586 794 aa
978 694 1820 796 mersion11.cnn=vn1.'secne1v.

381 966 384 971 .
479 934 494 941 ··
526 897 596 971 dier
609 895 1116 1000 nelbeatitudinirretributiaest
1135 902 1353 978 aetnnaenei
1387 901 1558 990 dirimat.
1582 899 1727 974 uidemur
1745 898 1931 971 incivitate
1954 892 2218 970 Dominiuirtu·

359 1006 401 1036 ·’
519 1021 651 1097 panae.
703 1001 848 1098 Tempus
872 1020 951 1074 nero
969 1005 1084 1075 mortis
1104 1007 1234 1077 interim
1255 1005 1347 1080 babet
1387 1017 1474 1080 tum.
1521 1002 1615 1075 Vide
1633 1003 1790 1075 eundem
1814 1000 1851 1071 in
1873 996 2064 1093 Epitaphio
2092 993 2212 1089 Nepo-

523 1101 1018 1202 unumquemquesieirtegibur‚
1046 1111 1124 1176 dum
1137 1109 1182 1176 ad
1196 1108 1349 1180 iudicium
1386 1107 1496 1194 nani,
1522 1104 1661 1188 Paule,
1684 1099 1832 1174 Btefinae
1842 1104 1908 1171 διο.
1936 1092 2207 1192 chrysostomus

522 1218 782 1297 unumquemque
806 1215 870 1275 out
902 1203 1073 1276 Abrabam
1107 1205 1252 1301 reservat
1284 1220 1346 1279 aut
1388 1200 1564 1277 honulll.
1589 1202 1718 1296 Philip.
1742 1221 1779 1296 p.
1801 1214 1908 1291 1224.
1950 1194 2208 1270 Peccatores-tt

294 1323 298 1330 “
352 1386 356 1393 ,
478 1376 508 1394 ..
516 1320 629 1394 pana.
656 1301 697 1372 In
709 1301 834 1400 Psalm.
854 1307 916 1396 64.
929 1323 968 1399 p.
981 1322 1070 1398 412.-
1131 1304 1252 1381 Omnir
1266 1329 1346 1402 per·
1374 1304 1533 1402 fuerint,
1548 1302 1666 1397 praeeo
1677 1324 1699 1372 a
1716 1325 1790 1398 rege
1799 1298 1897 1388 fient,
1914 1299 2092 1393 atqueideo
2127 1296 2139 1315 ‘'
2179 1296 2208 1382 i„

510 1396 1348 1506 fiiliobdnornmindabitat‘onisealestisestrequie.
1384 1407 1443 1503 qui
1500 1415 1617 1476 antur.
1664 1399 1750 1494 Iusti
1762 1396 1913 1496 uerostue
1929 1397 2050 1498 birsae
2071 1398 2109 1466 iet
2146 1416 2209 1479 a·

520 1498 653 1573 Multor
675 1503 854 1603 maresuan
875 1507 1042 1578 Dominus
1063 1508 1099 1578 in
1121 1508 1201 1580 cutis
1219 1504 1278 1604 effe
1301 1521 1345 1580 te·
1384 1529 1423 1577 ro
1456 1499 1694 1598 nubserunt,
1719 1525 1792 1574 rum
1810 1495 1993 1598 rugosum,
2027 1495 2207 1570 iilittamen

507 1599 647 1696 satur,
660 1600 723 1696 sed
743 1603 882 1676 Patrem
903 1618 1001 1692 orat,
1038 1617 1079 1678 ut
1099 1605 1255 1703 apostoli,
1268 1652 1273 1657 -
1287 1608 1348 1680 ubi
1384 1609 1491 1705 magis
1507 1604 1728 1699 &propiur‚
1754 1625 1821 1672 non
1840 1622 1901 1695 per
1921 1600 1956 1669 in
1980 1592 2205 1694 resumas

516 1698 570 1776 θ’
585 1701 652 1798 ipse
667 1701 717 1800 st
729 1747 743 1790 ‚
773 1717 925 1777 nument
952 1703 1028 1780 &a
1093 1708 1192 1781 Beati
1215 1713 1345 1804 quidem
1383 1710 1455 1777 dem
1471 1752 1483 1793 ‚-
1499 1704 1562 1800 sid
1578 1703 1675 1800 sarie
1687 1707 1734 1773 ad
1746 1703 1883 1798 faeiem.
1957 1698 2058 1772 omil.
2080 1697 2147 1774 IV.
2169 1698 2205 1770 in

431 1878 439 1897 ..
506 1798 618 1897 sient,
644 1804 700 1899 qui
715 1805 785 1874 iam
803 1828 825 1875 a
843 1805 917 1875 Deo
934 1809 979 1877 ad
1001 1807 1216 1881 babitandum
1236 1811 1271 1881 in
1291 1823 1343 1882 ta-
1372 1807 1551 1891 ,eamdem
1564 1801 1665 1899 epist.
1690 1804 1782 1900 Quid
1793 1799 2012 1888 dicerPaale,
2040 1821 2117 1879 eam
2136 1798 2204 1870 tine

513 1902 691 1973 bernacuiis
713 1905 784 1974 eiur
801 1903 886 1977 eieiii
895 1905 993 1999 sunt.
1040 1910 1103 1980 Sed
1112 1904 1344 2006 festinarenos'
1381 1906 1491 1978 abiens
1511 1907 1546 1975 in
1570 1902 1676 1997 ipsium
1696 1904 1804 1974 corium
1828 1900 2125 2000 migraturutss‚
2155 1909 2203 1971 at·

512 2004 550 2072 in
563 2002 758 2098 consortium
768 2000 1340 2109 buiusbeatitudiairrongruumes‚.
1379 2026 1524 2103 querum
1540 2001 1840 2100 (suffusorum,
1866 2004 2002 2099 ignorat
2017 1999 2202 2099 quideiige·

335 2211 342 2220 '
469 2150 471 2154 ψ
513 2105 751 2195 operationibus
769 2106 807 2175 id
815 2117 914 2202 atque
928 2109 1131 2180 orationibur
1142 2121 1339 2202 expetentes.
1378 2128 1419 2177 re
1435 2100 1579 2178 debeas?
1603 2101 1742 2177 Hamil.
1755 2102 1903 2175 XXXII.
1928 2102 1966 2173 in
1983 2098 2082 2195 epist.
2097 2101 2199 2173 Rom.

510 2197 664 2276 Basilius
678 2204 717 2275 in
732 2225 795 2299 40.
810 2226 956 2303 martyr.
984 2207 1177 2282 Cuiumnor
1179 2206 1337 2311 suscepit,
1377 2205 1480 2281 Pauli
1502 2206 1650 2277 animam
1681 2204 1808 2299 uersari
1823 2204 1904 2275 ¹dicit
1924 2205 1959 2273 in
1969 2199 2105 2296 summo
2129 2198 2200 2273 enta
2233 2263 2234 2266 ,

509 2315 649 2396 apertae
656 2302 740 2399 fient
755 2307 846 2376 uobis
859 2306 1009 2401 paradis
1018 2320 1150 2403 portae.
1195 2308 1334 2408 Grego-
1372 2328 1483 2402 prope.
1499 2298 1607 2400 ipesinm
1619 2305 1707 2402 regis
1713 2303 1859 2401 stium.
1874 2308 1876 2312 ’
1893 2304 1949 2375 ubi
1978 2300 2200 2381 Cherubin&

509 2401 591 2476 rius
617 2399 881 2479 Nazianzenus
917 2427 1009 2480 orat.
1040 2410 1078 2480 in
1105 2407 1333 2506 Gergouiam
1376 2404 1533 2503 Serapbin
1549 2406 1700 2478 natitant.
1726 2400 2031 2503 AugustInuinb.
2054 2401 2134 2475 XII.
2155 2402 2199 2502 de

509 2501 622 2590 dicit,
642 2527 714 2574 eam
727 2504 811 2600 frui
828 2528 901 2578 rum
923 2510 1049 2605 angeiir
1067 2508 1238 2603 parisino
1260 2511 1332 2582 iilu-
1374 2505 1465 2579 Gen.
1487 2507 1532 2579 ed
1555 2505 1608 2578 lit.
1628 2524 1706 2600 cap.
1729 2525 1789 2599 34.
1838 2506 1911 2575 Seue
1934 2503 1969 2574 in
1987 2502 2086 2574 tertio
2100 2502 2198 2591 tolo,

496 2597 665 2697 statione
682 2602 882 2695 Trinitatis,
904 2629 989 2702 quae
1011 2611 1072 2681 toti
1096 2611 1195 2680 menti
1227 2620 1332 2683 totam
1359 2605 1431 2704 flue
1448 2602 1628 2703 ubieunque
1642 2606 1740 2692 aiibi,
1762 2628 1827 2702 quo
1845 2601 1914 2698 pos
1928 2603 2061 2675 tertium
2089 2603 2198 2678 eata·

497 2698 834 2800 s'erontemplandam
847 2708 1017 2802 praebeat.
1069 2706 1228 2805 cyrillus
1242 2706 1330 2783 Hie·
1368 2703 1731 2803 rapturestapostolus‚
1746 2705 1901 2804 stamen
1926 2727 1991 2775 non
2013 2702 2139 2800 aliquid
2157 2727 2199 2775 a·

507 2799 617 2875 rosoI.
646 2807 784 2877 catech.
798 2805 892 2878 XIII.
913 2807 956 2879 de
978 2807 1147 2881 converso
1166 2808 1329 2885 latrone:
1367 2830 1448 2880 num
1474 2806 1516 2902 est
1536 2809 1665 2910 diverse
1694 2808 1880 2878 nominibus
1898 2803 2126 2900 adpellata..
2142 2806 2198 2876 ubi

509 2899 550 2973 T
542 2923 569 2972 er
578 2907 617 2972 de
631 2903 720 3002 tigno
731 2906 944 2980 introduceris
960 2912 996 2979 in
1004 2902 1208 3004 paradisum.
1244 2908 1329 3005 Epi·
1357 2907 1448 3004 strat
1471 2911 1600 2981 animae
1626 2911 1804 2980 beatorum.
1860 2905 1906 2978 Et
1928 2900 2075 3002 posteat
2112 2904 2197 2991 Ter·

502 3001 659 3096 phanias
679 3004 806 3078 haerei'
817 3015 881 3101 78.
895 3004 1020 3081 contra
1045 3007 1329 3087 Antidicomari-
1366 3011 1451 3081 tium
1465 3007 1508 3101 es
1535 3007 1671 3097 uatum,
1695 3012 1782 3104 quod
1796 3019 1900 3081 mente
1922 3009 1972 3078 ita
1999 3004 2199 3102 conspicitur

502 3120 562 3173 an.
599 3102 694 3174 circa
715 3099 852 3179 finem:
885 3107 996 3182 Sond‘i
1010 3109 1100 3203 stunt·
1120 3110 1156 3180 in
1179 3107 1327 3198 nonore,
1356 3107 1485 3204 seereto
1503 3107 1553 3186 Es
1563 3122 1688 3205 remota
1709 3104 1759 3182 Εἴ
1773 3111 1903 3180 omnino
1925 3107 2063 3201 abrepta
2078 3104 2195 3202 ast·-

500 3200 591 3296 quier
604 3200 748 3296 bustarum
762 3204 936 3305 ingloria,
959 3207 1114 3306 prosebiia
1126 3207 1197 3279 bine
1205 3208 1240 3280 in
1244 3233 1326 3304 pro·
1353 3212 1451 3307 sbur
1468 3212 1577 3283 earnis
1593 3223 1690 3308 atque
1711 3213 1896 3297 mundata,
1922 3216 1962 3277 et
1975 3229 2034 3295 ea,
2059 3211 2195 3305 quaein

496 3297 659 3394 {efflorere
686 3301 767 3395 sors
787 3304 996 3399 ipsorum'in
1023 3310 1250 3397 beatitudine,
1287 3313 1323 3382 ia
1363 3310 1622 3404 montosae,
1659 3307 1707 3385 [θ’
1735 3306 1838 3406 ipsam
1867 3307 1936 3382 Dei
1953 3302 2191 3401 substantiam,

496 3401 711 3500 mansionibus
713 3398 869 3496 stendit,
890 3409 1075 3505 tripudium
1086 3432 1160 3481 eum
1172 3408 1320 3507 angela,
1361 3413 1559 3510 verbumque
1590 3410 1722 3498 Dan,
1764 3434 1828 3504 per
1857 3411 1950 3507 quod
1969 3404 2070 3504 fabia
2099 3409 2191 3504 sm

338 3546 342 3553 ,
496 3501 607 3572 diaeta
619 3504 653 3573 in
669 3503 762 3592 reia,
784 3507 895 3604 gloria
908 3510 943 3580 in
954 3508 1073 3581 bonore
1081 3512 1320 3603 incomparabi-
1358 3512 1495 3601 omnia,
1518 3512 1553 3583 in
1572 3514 1708 3583 caritate
1721 3512 1864 3604 Spiritus
1875 3507 1988 3604 stabii
2013 3506 2188 3605 ineffabib-

494 3601 521 3671 te
538 3599 587 3676 δ’
596 3616 775 3697 perpetuo,
809 3607 923 3680 brania
948 3612 983 3680 iu
1004 3608 1131 3704 Christo
1151 3607 1224 3704 teste
1245 3615 1318 3687 Do·
1358 3622 1408 3684 ter
1425 3613 1533 3684 ualeat
1549 3614 1656 3683 uidere
1669 3609 1718 3686 if
1726 3613 1852 3683 audire.
1878 3607 1956 3682 Lib·
1969 3604 2186 3686 Χχοᾶθΰίῑό

491 3702 582 3773 mino
595 3700 714 3796 nostro.
738 3702 952 3783 Ambrosius
963 3708 1028 3783 lib.
1040 3707 1117 3782 VII.
1135 3709 1233 3805 epist.
1256 3731 1314 3804 59.
1357 3710 1428 3785 Dei
1447 3736 1526 3809 cap.
1543 3733 1599 3798 13.
1649 3713 1792 3803 Animae
1805 3707 1948 3783 oibirieer
1962 3707 2186 3811 gloriosorum

489 3800 839 3896 Aeoliursuperiorum
852 3809 975 3897 innota,
1004 3806 1153 3907 pofflfflrr
1175 3813 1317 3884 ciuitatis
1355 3824 1542 3910 martyrum
1561 3810 1711 3884 omnibus
1726 3812 1887 3883 doloribur
1899 3833 1937 3882 at
1948 3810 2185 3906 laboribnssu·¹

490 3912 666 3991 aeternae,
693 3901 779 3976 iltius
792 3897 986 4000 Ierusalem,
1007 3934 1090 4008 quae
1103 3913 1138 3980 ia
1156 3911 1229 3982 rulo
1243 3909 1313 4005 est,
1348 3916 1481 4008 peratis
1504 3926 1604 4010 atque
1621 3910 1754 4006 finitis,
1788 3909 1996 4009 posteaquam
2025 3912 2184 3985 merlaliv

260 4002 298 4111 *⁴
442 4015 460 4022 ”
488 4001 574 4074 uidit
598 4001 665 4072 ibit
686 4004 779 4075 urbir
796 4007 863 4078 eius
884 4009 1071 4106 mensuram
1097 4009 1313 4108 immensam,
1354 4015 1498 4085 membra
1510 4010 1717 4107 posuerunt,
1741 4035 1815 4083 aum
1844 4008 1971 4111 Christo
1988 4010 2105 4107 utique
2128 4035 2184 4084 n.

478 4124 610 4198 purum
634 4123 781 4193 aarum,
818 4107 955 4203 lapidem
975 4110 1172 4207 pretiosum,
1204 4112 1315 4184 iumen
1348 4124 1539 4211 gruteriani
1555 4111 1604 4188 ἔθ’
1616 4125 1770 4213 regnant.
1827 4111 1869 4209 in
1898 4131 2017 4183 enarr.
2050 4110 2180 4187 Psalm.

473 4201 851 4304 snrsteieperpetuum‚
877 4207 1152 4301 &haecomnia
1179 4213 1310 4283 iamdu·
1354 4211 1479 4288 CXVI.
1528 4216 1583 4286 Ibi
1598 4235 1708 4284 omner
1730 4210 1806 4306 iusti
1826 4207 2012 4308 &saudim
2038 4211 2180 4307 quisn-

482 4306 632 4407 dumsbi
642 4318 833 4401 comperta,
847 4308 1102 4408 sednuntfimie
1117 4312 1301 4407 adfaciem.
1347 4325 1456 4386 untur
1481 4317 1575 4386 uerbo
1604 4314 1669 4385 Dei
1681 4313 1757 4412 sne
1784 4312 1942 4401 tuitione,
1967 4310 2044 4410 sne
2061 4312 2188 4386 tteerte..
2214 4354 2218 4361 ·

480 4405 524 4478 ln
555 4426 688 4477 comm.
716 4408 804 4479 Phil.
818 4406 847 4478 I.
872 4409 981 4481 Habet
1009 4411 1170 4508 apostolus
1187 4413 1305 4512 desde·
1345 4414 1449 4510 Quod
1459 4417 1544 4487 enim
1555 4418 1645 4486 nobis
1664 4437 1730 4508 per
1737 4403 1903 4512 pagiuam
1924 4411 2091 4508 stripeium
2106 4411 2174 4506 est,

435 4524 448 4605 ζ
479 4506 569 4577 rium
591 4509 735 4577 excedere
759 4504 808 4582 ἔθ’
834 4503 890 4605 effe
918 4522 1002 4581 eum'
1021 4511 1173 4609 consta,
1198 4512 1302 4585 mubo
1337 4514 1529 4610 perficiem
1544 4517 1610 4586 Dei
1626 4515 1834 4588 illiternunt.
1890 4513 2013 4595 serm.
2037 4511 2116 4586 IV..
2132 4513 2172 4586 in

477 4605 590 4678 meiius
602 4603 809 4699 existimans,
842 4622 882 4679 ut
901 4612 966 4682 iam
978 4610 1194 4711 praesenrstt
1211 4617 1303 4708 apud
1340 4609 1451 4688 solen.
1470 4610 1676 4689 sandinmm
1699 4635 1889 4712 exponens
1910 4614 2035 4684 iocum
2050 4610 2168 4706 Aput.

475 4703 610 4795 Deum,
636 4719 674 4777 ut
683 4708 844 4801 exoptatis
855 4707 905 4784 θ
906 4711 1064 4805 promiffis
1062 4711 1294 4810 sanatur&
1339 4711 1402 4786 VI.
1430 4715 1512 4788 Vidi
1520 4714 1588 4810 sub
1610 4714 1719 4787 attare
1739 4714 1805 4784 Dei
1829 4716 1960 4784 animas
1985 4709 2170 4804 intersedo·

476 4807 562 4903 Quis
574 4828 645 4878 non·
653 4811 742 4879 tertii
758 4807 827 4879 caii
841 4812 977 4903 cupidus
985 4811 1155 4907 sperneret
1170 4836 1299 4886 amnem
1337 4834 1415 4885 rum
1424 4844 1442 4903 ‚·
1464 4813 1510 4887 sic
1532 4812 1680 4888 scribite·
1700 4813 1769 4887 Per
1778 4811 1884 4910 stotar
1904 4811 1997 4884 aibas
2018 4811 2168 4884 debemus

472 4931 587 4981 euram
603 4905 831 5002 praesentem?
858 4911 942 5006 Quis
961 4935 1028 4987 nou
1038 4915 1189 5014 paradis
1194 4913 1297 5009 stupe·
1336 4915 1513 5015 intelligere
1548 4910 1720 4986 mercedem
1749 4912 1899 5008 baptismi
1918 4950 1943 5001 ‚·
1976 4913 2166 5006 proemium

316 5042 319 5049 ·
470 5010 569 5080 rioris
582 5007 730 5106 desiderio
743 5012 853 5080 omnia
875 5011 953 5084 boet
961 5011 1195 5108 postponeret?
1217 5014 1293 5091 &a
1335 5018 1511 5111 martyrii,
1535 5019 1704 5086 mercedem
1717 5029 1927 5087 aeternorum
1940 5008 1989 5087 it*
2002 5000 2168 5109 gaudini»
2198 5090 2200 5095 ,

471 5106 719 5204 Hieronymus
737 5110 776 5182 in
801 5109 899 5207 epitt.
917 5113 962 5187 ad
975 5111 1145 5188 Marcell:
1161 5114 1205 5187 de
1216 5113 1293 5190 obi·
1333 5113 1458 5210 catastis
1467 5118 1625 5209 patriae.
1647 5114 1764 5186 babent
1776 5110 2163 5208 emimonteresterrebtin

469 5228 511 5283 tu
524 5214 625 5280 Lete:
653 5209 826 5306 Nunepro
843 5211 932 5285 brem
951 5213 1293 5289 iaboreueter'na'bed·
1331 5237 1405 5286 nem
1419 5213 1824 5314 stodifiaguiassoiar‚
1848 5213 1982 5312 quio-in
1994 5210 2074 5306 siria
2087 5214 2163 5283 aui·

243 5344 274 5366 ·-
357 5361 364 5372 ,
467 5309 763 5409 trinitatatem,
788 5313 950 5407 excipitur
963 5314 1290 5415 angelorumrborir,
1333 5326 1389 5388 ma
1412 5315 1516 5388 adbuc
1535 5319 1677 5389 oeternis
1701 5315 1952 5388 beatitudinibus
1973 5311 2162 5410 perfruu-

467 5407 880 5537 ctnstaaseqenm
891 5416 990 5510 dicit,
1014 5436 1293 5518 mareunqneanq
1332 5425 1390 5491 tur
1402 5413 1474 5497 &a
1487 5415 1587 5518 siant
1604 5421 1698 5493 modo
1723 5427 1801 5501 ante
1820 5414 1974 5530 tironum
1988 5412 2164 5588 Deineppp.

838 5592 859 5607 r*
917 5600 921 5605 .

656 5620 700 5659 l
824 5614 843 5635 0.
