4934 6392
326 622 401 695 nu
534 690 537 695 ,
638 586 1076 755 ἰοσνειιιινιι.
1126 578 1829 709 o'trvnvr1·r.secrrorrt.·
1884 648 1907 661 ·-
1974 696 1990 715 Π

235 822 242 844 ·
329 793 405 873 nei
431 792 482 862 nie
503 785 629 863 inferni
653 782 777 863 sursunt
802 792 934 881 tendat,
958 810 1130 888 penetret.
1154 800 1189 868 dt
1228 819 1329 891 quam
1353 795 1541 877 inferorum
1562 786 1785 885 subterraneae
1805 789 1921 873 sedet,
1952 788 1996 867 de
2022 814 2090 893 qua

303 812 567 1061 ‘'ilectfiosaaslimbi
583 885 716 978 adurit,
738 887 794 962 uel
813 910 903 961 certe
923 887 1021 963 sumo
1040 890 1192 967 illiemo·
1230 892 1410 993 hypothesi
1429 891 1490 968 suu
1511 891 1591 964 loeo
1610 891 1740 989 plenius
1759 888 2005 989 disputabimus.

330 1010 332 1015 ’
394 1012 432 1059 ue
462 1004 499 1058 tt.

900 1140 916 1151 ..
1288 1087 1326 1184 ᾖ.
1360 1087 1510 1162 CLXXI.
1561 1084 1727 1177 Posterius
1750 1081 1941 1157 membrum
1973 1084 2092 1173 nititur

333 1215 538 1293 mmm„
636 1184 671 1276 ς.
690 1180 822 1259 CLXX.
859 1179 1192 1278 Quaeproadslrueu·
1229 1169 1467 1283 hypothesibus
1487 1208 1580 1274 neque
1604 1182 1737 1257 incertis
1756 1186 1828 1252 imo
1843 1175 1946 1291 sallia,
1971 1202 2091 1275 utpote

329 1289 535 1372 petralene
586 1276 633 1349 do
660 1270 766 1350 limbd
787 1277 951 1349 infantum
976 1281 1193 1351 Bellarminue
1236 1288 1435 1373 r.)enimaa
1459 1282 1614 1367 illorum,
1640 1272 1791 1376 quidun
1818 1277 2092 1372 glorificaverunt

281 1414 284 1420 ·
326 1372 459 1454 femin·
586 1373 795 1463 redducit,nd
813 1375 882 1445 dno
896 1379 1088 1474 principalia
1106 1380 1192 1472 capi·
1230 1376 1285 1468 se,
1311 1402 1421 1477 neque
1439 1383 1475 1448 in
1492 1378 1613 1448 delitiis
1632 1377 1788 1453 suerunt,
1813 1375 1924 1454 idell,
1950 1381 2093 1470 quinon

267 1488 271 1495 '
577 1471 753 1544 tareserti
777 1468 929 1566 possunt,
950 1480 1193 1570 quorumpriue
1230 1498 1407 1574 peccarunt
1428 1474 1618 1560 inaniter,
1642 1481 1676 1544 in
1696 1472 1832 1544 inserno
1851 1473 1987 1565 quidem
2002 1471 2094 1542 sutu-

338 1570 405 1657 ell,
424 1570 667 1668 paruuloestne
684 1572 839 1665 baptismo
857 1576 1056 1656 decedentes,
1082 1566 1193 1641 nortis
1234 1598 1304 1658 rar,
1334 1569 1390 1645 sed
1411 1573 1525 1645 'tamen
1545 1573 1674 1642 nullum
1701 1587 1907 1641 tormentum
1937 1568 2093 1664 passurae.

336 1682 456 1744 eterne
471 1693 566 1760 parta
582 1667 640 1767 effe
653 1675 860 1743 damnandus.
911 1668 1090 1754 Poslerius,
1113 1691 1194 1760 pnr-
1234 1676 1287 1757 e.)
1306 1674 1345 1741 ln
1365 1670 1482 1741 iisdem
1498 1694 1567 1739 nou
1585 1667 1660 1743 lore
1680 1691 1805 1762 praetant
1823 1672 1940 1745 vermis
1953 1691 1992 1738 ex
2011 1678 2095 1739 coti·

333 1764 429 1841 aaut
456 1764 529 1839 illos
557 1792 626 1849 non,
649 1772 836 1861 puniendos
859 1790 954 1860 pena
980 1769 1102 1864 sensas
1119 1766 1194 1861 fiee
1232 1764 1474 1839 scientiamali
1504 1771 1628 1861 operit.
1695 1773 1742 1851 3)
1763 1768 1888 1835 receati
1920 1763 2095 1861 originalia

281 1896 283 1901 ·
336 1868 425 1964 ignis
434 1864 614 1960 sensibilis,
639 1867 770 1937 interret
794 1878 899 1936 tenete
919 1870 1104 1937 interiorem
1124 1864 1194 1935 ant'·
1233 1889 1364 2032 frenum
1387 1858 1451 1935 esse
1466 1869 1647 1962 ⁴trattentiatn
1670 1863 1789 1932 divine
1806 1858 1958 1947 vistonit,
1984 1861 2095 1931 adut·

337 1967 383 2035 eti
409 1964 576 2049 «lusorem,
610 1967 758 2060 quanvis
793 1964 997 2057 utillimum,
1030 1958 1193 2059 pnffures.
1249 1966 1397 2033 inaurem
1411 1964 1572 2055 gehennae
1589 1972 1753 2055 perpetuae
1772 1963 1965 2029 cruciatum.
1997 1960 2113 2043 Curru„

332 2062 527 2153 ¹Vtrumque
546 2056 633 2132 saliis
661 2065 776 2131 nititur
797 2058 1043 2155 hypothesibus.
1092 2064 1194 2137 Prien
1235 2064 1374 2133 trarium
1401 2060 1524 2146 docent
1548 2062 1662 2129 otrrnia
1691 2052 1856 2147 scripturae
1877 2054 1983 2139 dida,
2021 2079 2096 2149 quae

336 2158 453 2249 hiere:
483 2158 529 2239 ι.)
557 2156 830 2243 Didiumchrissi
845 2158 925 2257 Joh.
938 2157 997 2230 lll.
1010 2183 1041 2238 5·
1067 2153 1195 2228 absolu·
1236 2155 1279 2228 de
1292 2160 1416 2250 peccati
1426 2154 1597 2250 originalis
1614 2158 1772 2250 gravitate
1785 2150 1985 2248 loquuntur,
2012 2158 2097 2242 ejur-

318 2272 407 2327 'tam
423 2260 456 2325 dt
479 2252 663 2347 lirnplleem
686 2250 837 2352 baptismi
857 2254 1077 2347 necessitatem
1096 2258 1196 2326 etiam
1237 2277 1303 2350 que
1322 2277 1391 2324 non
1412 2249 1533 2323 remitit
1548 2275 1657 2345 poenas
1676 2257 1711 2321 in
1729 2246 1865 2320 inferno
1883 2250 2097 2319 luendeedo·

339 2376 382 2422 ex
402 2368 492 2447 parte
517 2350 583 2420 Dei
602 2356 789 2449 requirere,
819 2350 906 2422 ndeo
922 2373 959 2423 ut
981 2374 1043 2421 neo
1063 2354 1099 2422 in
1116 2345 1211 2422 castt'
1240 2370 1336 2444 eent3
1360 2356 1425 2442 jam
1446 2372 1529 2419 veto
1550 2354 1584 2419 iu
1604 2344 1739 2425 inferno
1754 2344 1883 2417 nullum
1902 2349 1965 2417 erit
1983 2342 2098 2447 discri-

328 2478 331 2486 ¹
338 2450 533 2545 privationis
542 2450 801 2521 extraordinarie
818 2450 907 2519 Deue
927 2445 1023 2545 polsrt
1039 2452 1075 2518 itt
1088 2445 1197 2519 infan·
1239 2470 1318 2521 men
1334 2451 1420 2540 inter
1438 2442 1598 2543 quosdam
1618 2469 1714 2541 prena
1734 2436 1841 2515 sensus
1857 2450 1890 2517 ἅ
1903 2443 1986 2514 alios
2002 2456 2099 2539 poe'nn

325 2546 427 2625 ..tibus
449 2543 705 2621 christianorum
729 2545 771 2614 nd
791 2542 896 2616 fidern
919 2552 954 2621 dt
970 2540 1107 2618 salutem
1128 2540 1200 2615 effi··
1238 2546 1397 2629 duntaxat
1419 2541 1533 2625 damni
1554 2539 1720 2629 adsedloe,
1744 2538 1800 2613 sed
1820 2564 1938 2614 omnen
1955 2544 2100 2613 omnino

338 2634 587 2737 epditertgere,
614 2645 830 2715 Contrarium
841 2641 1044 2714 ollendimus
1060 2647 1094 2713 in
1105 2641 1199 2714 terei.
1237 2638 1513 2737 inseruluincolz
1529 2648 1564 2715 ἁ
1585 2634 1693 2711 sensus
1715 2645 1750 2712 dt
1773 2639 1886 2709 damtss
1906 2662 2002 2735 poepn
2026 2656 2100 2737 tor!-¹

339 2738 386 2811 de
404 2739 492 2834 bapt.
505 2737 544 2837 ᾗ
561 2765 641 2823 240.
697 2743 749 2829 ι.)
773 2732 912 2811 Nullum
926 2743 1068 2811 omnino
1088 2737 1198 2810 discti·
1238 2738 1436 2835 quebuutur.
1486 2744 1538 2827 4.)
1550 2737 1706 2809 Parvulos
1719 2740 1846 2809 aeternis
1862 2740 1966 2832 pmnia
1984 2738 2020 2805 iu
2037 2757 2098 2827 ga-

338 2860 421 2911 men
435 2828 500 2907 esl'e
515 2844 600 2907 inter
619 2836 760 2911 infantes
776 2835 1029 2907 christianornm
1044 2840 1127 2907 intra
1147 2860 1199 2907 ee·
1240 2838 1350 2907 henna
1373 2840 1539 2932 torqueri,
1565 2843 1599 2909 tir
1622 2856 1732 2906 tamen
1752 2857 1769 2902 a
1791 2829 2017 2929 poenasensnt
2036 2836 2101 2903 im·

339 2931 621 3028 elellaepornoeria
638 2940 671 3007 dt
690 2938 904 3006 ethnicorum
923 2956 1013 3005 extra
1031 2931 1199 3004 ecclesiam
1241 2957 1357 3005 munes
1369 2928 1446 3012 effe.
1497 2936 1629 3004 sithoc
1650 2931 1694 3001 ell
1715 2925 2101 3027 dvreedpeee'nelerteorb

340 3030 617 3125 constituturum..
658 3032 876 3103 Contrarium
890 3028 1091 3103 ollendintus
1108 3030 1200 3107 dieto
1240 3026 1386 3124 κειμένῳ.
1458 3034 1507 3119 ς.)
1532 3032 1702 3100 Peccatum
1720 3033 1861 3126 originis
1883 3052 1954 3099 nott
1977 3024 2101 3123 tollere

311 3128 436 3218 ⁴tradi.
456 3133 577 3213 §.epp
631 3135 679 3218 3.)
702 3110 1200 3219 infannsetrttiianorumstne
1242 3132 1276 3197 iu
1301 3129 1440 3198 homine
1466 3125 1624 3199 ordinem
1652 3130 1858 3223 naturalem,
1892 3120 1947 3197 sed
1969 3145 2099 3201 tantum

341 3219 505 3319 baptismo
529 3222 881 3295 decedentes'nexibus
908 3231 1035 3323 peccati
1056 3224 1201 3320 origine·
1242 3220 1545 3321 supernaturalem,
1569 3216 1844 3295 ¹connerstonem
1870 3220 2024 3295 uidelicet
2056 3220 2101 3291 ad

341 3321 385 3411 lie
405 3318 513 3403 adhuc
536 3320 730 3393 conslritlou
752 3318 876 3408 teneti,
898 3316 1010 3415 nullo
1031 3312 1138 3394 inodo
1166 3321 1202 3391 in
1241 3324 1352 3395 Deum
1369 3346 1429 3420 per
1449 3320 1577 3393 donum
1594 3324 1707 3417 gratia
1723 3316 1978 3416 supernaturale.-
2007 3322 2105 3391 Cott-

343 3415 515 3489 Chtillum
544 3419 701 3505 credere,
738 3444 846 3517 neque
871 3444 930 3513 per
958 3419 989 3491 se
1011 3424 1118 3516 neque
1142 3443 1201 3516 per
1242 3425 1378 3491 tretium
1396 3418 1597 3491 olleudimut
1617 3424 1650 3489 in
1668 3418 1794 3494 traelat.
1812 3419 1854 3488 de
1871 3439 1993 3514 peccet.
2009 3420 2113 3511 orig..

344 3512 449 3591 aliut,
472 3539 579 3607 neque
604 3515 677 3587 adlu
699 3543 806 3613 neque
828 3517 961 3603 habitu,
987 3542 1055 3588 non
1071 3517 1200 3591 habere
1244 3519 1296 3606 6.)
1310 3519 1447 3612 Propter
1464 3537 1633 3613 peccatum
1651 3518 1806 3612 originis,
1830 3536 1945 3609 utpote
1966 3515 2101 3610 culpam

342 3635 471 3711 partem
498 3619 531 3705 in
554 3612 793 3683 rel'urredlione
815 3617 940 3707 peltata,
966 3640 1027 3684 nec
1045 3611 1107 3685 esse
1125 3611 1201 3684 scri·
1240 3610 1350 3684 solum
1367 3615 1566 3684 habitualem
1579 3638 1694 3685 coram
1710 3616 1774 3684 Dei
1786 3611 1914 3706 judicio
1927 3616 2102 3687 nemiuem

343 3728 420 3807 ptos
443 3713 476 3776 i'n
504 3709 625 3779 librum
645 3714 735 3796 aitte,
771 3708 834 3779 elle
859 3711 967 3781 adhue
990 3711 1204 3805 irrpotellnte
1242 3708 1743 3809 puniripolsepoenaseulitiua.
1796 3715 1844 3799 γ.)
1870 3710 2008 3804 Propter
2024 3730 2104 3804 peo-

268 3897 270 3901 ι
299 3814 306 3818 ’
344 3804 490 3889 diaboli,
515 3803 645 3875 detrudi
670 3809 703 3876 in
728 3830 895 3878 carcerem
920 3806 1043 3899 inserui
1064 3810 1206 3879 tenebri·
1242 3832 1350 3879 catum
1369 3815 1508 3906 originlr
1525 3806 1594 3879 nott
1615 3810 1719 3898 juberi
1734 3812 1889 3893 hominen
1909 3806 2010 3879 ullant
2029 3810 2105 3875 nni·

259 3900 267 3909 ’
345 3897 461 3977 nusum
484 3925 521 3972 ec
546 3902 724 3974 horridum
745 3903 841 3975 illurn
865 3905 997 3989 locum,
1024 3904 1206 4001 persedlio-
1244 3907 1492 3994 ntotrislitiam‚
1519 3905 1915 4000 doloremueeoncipere.
1969 3898 2106 3991 i.)l'at·

343 3980 423 4073 adm
439 3998 668 4094 intelligentiae
690 4026 759 4071 non
784 3999 873 4096 posse
897 4000 1007 4072 locum
1027 4004 1150 4074 hebere
1172 4009 1207 4073 in
1244 4004 1338 4075 aulos
1360 4030 1430 4075 non
1453 4005 1632 4100 baptizatos
1653 4000 1802 4089 noness'e
1822 4008 1857 4072 in
1876 4024 1969 4089 ntea,
1994 4022 2106 4098 neque

343 4094 599 4172 infantibutdtc.
652 4100 870 4171 Contrarium
893 4098 1095 4175 ollendintus
1117 4101 1208 4171 didio
1245 4109 1331 4172 inter
1353 4100 1527 4173 srunrente
1541 4127 1650 4196 neque
1672 4107 1758 4173 inter
1784 4100 1890 4197 paleas
1913 4100 2108 4181 numerari,

344 4197 437 4267 tttdl.
460 4204 489 4283 i.
512 4202 643 4277 nau&
665 4222 743 4279 ²39·
803 4198 882 4266 Hoc
906 4197 984 4264 loco
1006 4194 1088 4268 illud
1111 4223 1208 4294 urge-
1244 4223 1314 4271 nun
1343 4197 1407 4270 elle
1435 4199 1570 4270 arbores
1598 4200 1779 4271 bonatnec
1802 4198 1922 4287 males,
1956 4220 2016 4266 nec
2041 4190 2109 4279 else

344 4319 440 4377 mus,
465 4294 554 4389 quod
577 4292 717 4364 insontes
742 4293 996 4365 chtilliunotum
1018 4320 1078 4391 per
1091 4319 1207 4390 preces
1246 4298 1353 4368 bonne
1379 4322 1439 4368 nec
1465 4299 1569 4367 melos
1591 4293 1712 4389 pisces,
1746 4321 1809 4377 nec
1837 4301 1924 4366 inter
1947 4318 2027 4365 over
2053 4294 2107 4366 uel

345 4389 538 4463 ecelestaedt
561 4413 734 4487 parentatu
759 4394 832 4460 Deo
851 4386 1053 4477 offerantur,
1078 4397 1134 4487 qui
1150 4394 1208 4462 be·
1245 4395 1359 4465 haedos
1378 4396 1499 4467 Matth.
1515 4396 1616 4465 XXV.
1634 4389 1798 4465 recenseri
1813 4389 1915 4489 posse.
1966 4394 2108 4481 9.)l’at·

345 4487 488 4561 uesicam
512 4483 600 4559 suam
623 4514 700 4586 erga
722 4487 862 4559 insantet
881 4486 1084 4560 voluntatem
1108 4514 1205 4584 pecu·
1245 4491 1339 4562 vulos
1357 4494 1430 4563 illos
1451 4490 1629 4565 mittendus¹
1645 4491 1781 4587 quidem
1800 4497 1833 4561 iu
1849 4491 2109 4588 lingnumignie,

347 4584 483 4675 littibus
506 4587 671 4679 promillis
698 4586 893 4656 contestatus
916 4587 980 4673 ell,
1015 4593 1049 4658 dt
1071 4612 1206 4677 precum
1248 4590 1315 4659 hoe
1336 4592 1399 4676 eti,
1425 4596 1460 4660 in
1484 4592 1615 4674 loc'ntn,
1642 4594 1698 4660 ubi
1717 4590 1760 4660 ell
1780 4590 1887 4685 ignis,
1910 4614 1973 4659 nec
1995 4608 2110 4660 tamen
2140 4623 2143 4632 v

288 4726 294 4734 -
345 4688 476 4780 piorum
494 4686 745 4753 exauditionem
767 4682 928 4778 promisit.
987 4691 1041 4776 4.)
1067 4684 1209 4755 Pullul·
1250 4684 1592 4767 inflantntandorillo
1615 4691 1692 4781 ipne
1714 4710 1768 4757 ant
1791 4686 1996 4758 cruciandos.
2045 4686 2112 4757 Ni·

346 4784 422 4851 timi
444 4779 557 4869 judicii
579 4781 668 4850 diem
690 4805 781 4874 equae
806 4778 1010 4852 elementum
1035 4785 1075 4852 ad
1097 4782 1208 4853 locum
1247 4788 1370 4855 mirum
1396 4805 1431 4855 ut
1448 4791 1483 4854 in
1502 4785 1546 4856 do
1574 4805 1658 4855 mate
1678 4779 2039 4875 transsubstantiationis
2055 4794 2112 4857 a'e·

344 4874 441 4951 suum
462 4878 645 4948 nntrrtalem
664 4877 868 4965 rediturum,
891 4898 1062 5047 tutamssue
1085 4899 1207 4950 terrem
1248 4883 1431 4953 ridentibus
1453 4881 1520 4951 stne
1542 4810 1714 4952 sltbllantia
1736 4882 1850 4953 tribuit
1871 4886 1940 4953 vim
1961 4888 2113 4954 nutrien-

333 4973 496 5070 ¹undique
531 4996 790 5069 cooperturnut,
836 5002 873 5048 ac
901 4981 999 5071 proin
1027 5004 1043 5047 e
1068 4975 1208 5049 insentet
1238 4982 1302 5065 di,
1335 4984 1377 5053 ita
1402 4984 1471 5074 igni
1499 4978 1654 5049 infernali
1681 4982 1747 5049 lroc
1771 4979 1849 5050 loco
1871 4980 2012 5077 derogat
2039 4986 2111 5069 eim

346 5068 515 5147 illos'nott
536 5072 735 5168 baptizatos,
764 5098 838 5144 cum
859 5078 894 5143 in
918 5072 1004 5145 ooelo
1026 5075 1091 5146 illie
1115 5077 1208 5145 locus
1249 5076 1366 5147 urendi
1390 5071 1537 5168 respedlu
1564 5074 1729 5168 infantum
1756 5103 1823 5162 non
1853 5080 2111 5170 baptizatorum.

348 5166 553 5268 denegetur,
591 5173 788 5266 uouelium
811 5172 940 5245 liabere-
958 5168 1050 5270 polle
1070 5172 1206 5273 locum,
1250 5184 1322 5274 aa.)
1346 5176 1503 5277 l'ataulot
1519 5176 1718 5259 erurlaudua
1734 5180 1813 5273 igue
1832 5169 2038 5275 sempiterno
2054 5198 2116 5274 per

2006 5279 2121 5353 detta-
