4934 6392
448 611 583 766 nn
782 685 785 690 =
963 654 1115 742 tocvs
1139 653 1287 772 xxm.
1314 651 1420 762 cm
1440 649 1536 772 vru.
1565 645 1696 774 anor.
1718 641 1784 748 xr.
1850 730 1852 733 ,

499 839 626 948 suit?
654 838 758 944 Reip.
793 843 850 939 r.)
874 841 1126 920 Aremotione
1145 837 1333 914 uniusne-
1469 842 1502 927 ς.
1528 828 1724 910 CCCCXX.
1765 826 1941 924 ¹6.)Ve··
1976 873 1984 882 ,.
2015 855 2018 859 ·

511 941 650 1021 cessa-rii
665 943 828 1040 requisiti
842 946 886 1018 ad
903 939 1021 1016 effedii
1030 941 1332 1016 remotionemre-
1373 956 1414 1010 ra
1444 943 1478 1008 dc
1495 935 1580 1040 ¹Deo
1606 953 1709 1032 grata
1738 931 1918 1018 invocatio
1967 928 2041 1026 ll
2071 921 2139 1004 ,Μ

499 1045 572 1132 ,cte
591 1045 829 1141 proceditur,
856 1041 914 1117 sed
928 1039 1131 1136 aposttione
1147 1040 1256 1112 unius
1273 1061 1334 1109 ne·
1376 1055 1471 1110 caret
1494 1035 1599 1107 omni
1626 1029 1920 1130 superstitione&
1988 1027 2039 1070 “³
2052 987 2185 1152 92⁸¹ss

417 1237 420 1241 Ι
512 1140 651 1218 cellarii
672 1167 712 1216 re
739 1140 832 1215 uisrti
852 1166 924 1214 non
947 1137 1059 1235 potest
1081 1139 1124 1212 ad
1139 1134 1259 1210 effcdii
1271 1160 1334 1231 po·
1376 1135 1517 1208 ethnica
1545 1133 1756 1205 imitatione.
1790 1135 1801 1193 s
1818 1132 1921 1205 Ratio
1969 1089 2184 1233 mm*

504 1242 678 1319 -fitionem
754 1242 830 1312 ¹tim
864 1241 1024 1336 procedi.
1072 1235 1179 1311 Redie
1222 1237 1336 1334 igitur
1376 1231 1425 1307 est
1436 1234 1475 1308 in
1490 1234 1634 1329 aprico,
1660 1232 1747 1326 quia
1777 1251 1842 1324 per
1868 1232 1923 1303 in·
2024 1256 2112 1318 m,

276 1409 279 1416 .
381 1367 385 1371 ·
461 1341 719 1433 concludo:
745 1339 829 1412 lllos
846 1339 982 1413 sandius
1005 1359 1078 1409 non
1099 1332 1164 1408 elie
1188 1338 1335 1433 religio·
1373 1328 1935 1406 vocationemecclesrachristia-.
2037 1383 2048 1400 ..

514 1436 549 1516 ie
558 1441 805 1525 invocandos,
830 1435 1148 1533 quorumbistoriae
1164 1433 1335 1529 suntapo·
1376 1455 1424 1506 na
1448 1430 1636 1506 acoetibus
1657 1432 1851 1529 gentilium
1861 1428 2131 1533 distinguitur,
2162 1428 2193 1503 u·

425 1537 430 1547 ‘
512 1542 705 1634 crvphae&
721 1539 887 1625 incertae,
912 1560 953 1610 ac
970 1533 1161 1630 dequibus
1177 1536 1334 1618 baudin·
1378 1556 1489 1606 verus
1508 1531 1731 1616 Beiculttis,
1757 1532 1876 1626 qualis
1900 1528 2189 1628 estreligiosain·

514 1639 611 1712 iuria
625 1638 832 1723 dubitatur,
856 1659 901 1709 an
916 1657 1080 1731 unquam
1096 1636 1134 1705 in
1143 1654 1337 1707 retumna·
1378 1633 1544 1719 vocatio,
1568 1630 1612 1703 ab
1631 1628 1988 1726 omnisuperstitione
2011 1629 2121 1705 debet
2136 1623 2188 1700 cist

513 1757 598 1810 tura
627 1736 844 1828 exstiterint3
867 1735 924 1810 ie‘d
940 1759 985 1808 ex
1006 1758 1048 1806 eo
1061 1756 1135 1804 non
1159 1731 1272 1828 potest
1287 1734 1337 1803 in·
1380 1735 1533 1805 alienus.
1557 1729 1681 1802 confer
1693 1727 1800 1801 Deut.
1815 1730 1963 1822 xl1.29.
1978 1727 2189 1816 nonnum

516 1835 627 1923 ferri,
654 1858 743 1932 ergo
762 1835 816 1908 illi
843 1833 981 1922 sancti,
1006 1853 1166 1929 quorum
1181 1830 1333 1904 historiae
1372 1853 1460 1904 vero
1475 1831 1654 1902 invocatio
1668 1825 1872 1904 sanctorum
1885 1853 1956 1902 non
1984 1847 2084 1903 caret
2100 1823 2190 1912 omui

361 2021 365 2028 ¹
400 2007 404 2018 ,
501 1934 755 2028 certa-sunt,
791 1936 911 2028 &qui
937 1955 1064 2005 revera
1099 1930 1335 2019 exstiterunt,
1376 1928 1618 2025 superstitione
1640 1936 1675 2001 δι
1697 1913 1842 2000 'ethnica
1867 1929 2086 2002 imitatione.
2138 1925 2189 1998 Er·

516 2029 596 2110 sunt
613 2031 777 2129 religiose
792 2033 995 2105 invocandi.
1046 2032 1112 2118 2.)
1135 2032 1173 2102 si
1195 2031 1249 2102 illi
1263 2027 1336 2101 san·
1377 2054 1424 2128 go
1448 2049 1520 2100 non
1546 2026 1658 2122 potest
1674 2023 1738 2099 elle
1765 2048 1851 2099 vera
1869 2028 1996 2101 &Deo
2014 2046 2121 2126 grata
2143 2025 2198 2098 io·'

515 2128 566 2206 cti
579 2128 686 2212 essent
698 2130 863 2229 religiose
881 2127 1100 2218 invocandi,
1130 2132 1195 2224 qui
1209 2151 1337 2202 revera
1377 2128 1531 2201 vocatio.
1580 2126 1683 2201 Prius
1697 2126 1907 2200 membrum
1932 2125 2188 2212 adsumtionit,

518 2228 736 2322 exstiterunt.
781 2231 883 2326 Ergo
913 2233 1020 2303 etiam
1043 2227 1151 2303 sandii
1171 2231 1208 2300 in
1230 2231 1335 2301 terris
1379 2227 1476 2324 quod
1485 2224 1680 2319 finnnorun
1699 2229 1856 2298 invocatio
1871 2253 1936 2298 non
1956 2238 2071 2298 curtat
2082 2223 2190 2321 stipor·

487 2365 490 2372 ·
516 2329 681 2401 viventes
700 2321 805 2401 eiler'u
826 2328 990 2425 religiose
1007 2330 1158 2402 colendi.
1209 2330 1266 2420 3.)
1282 2328 1336 2398 De
1368 2327 1518 2426 stitione,
1547 2324 1720 2420 probatur
1733 2328 1799 2397 hac
1817 2328 1981 2398 ratione:
2010 2324 2190 2418 Cultusin

516 2426 590 2506 illis
603 2426 683 2524 ipsis
704 2425 830 2502 sanctis
846 2474 857 2513 ,
872 2429 1042 2521 ¹quorum
1063 2425 1246 2499 historiam
1257 2425 1337 2498 scri·
1376 2425 1447 2500 Dei
1461 2422 1573 2496 verbo
1591 2448 1663 2497 non
1680 2425 1904 2523 praescriptus
1922 2424 1969 2498 est
1984 2421 2193 2520 superstitio·

510 2546 623 2623 ,ptura
643 2528 816 2619 exponit,
841 2528 955 2598 multa
971 2526 1105 2599 exstant
1130 2524 1214 2598 falsa
1237 2535 1271 2597 δι
1297 2524 1336 2597 fi·
1378 2524 1448 2597 sus.
1499 2522 1713 2596 Sandiorum
1746 2526 1925 2598 invocatio
1957 2515 2192 2624 religiosa'est

455 2657 458 2662 ·
517 2621 616 2703 stitia
637 2625 683 2696 'in
711 2625 875 2721 legendis
906 2622 1110 2720 papisticis,
1152 2626 1336 2719 quomodo
1379 2625 1496 2696 cultus
1514 2623 1551 2693 in
1567 2618 1636 2694 Dei
1650 2623 1761 2695 verbo
1778 2619 2120 2718 nonpraescript'us,
2148 2619 2193 2694 ia·

515 2718 648 2798 scilicet
658 2724 703 2796 ad
717 2745 846 2796 eorum
861 2724 1127 2795 invocationem
1142 2726 1249 2796 etiam
1261 2722 1338 2818 post
1379 2720 1536 2809 tentibus
1568 2719 1787 2817 quibusdam
1811 2746 1855 2795 ex
1878 2705 1960 2816 iplis
1985 2717 2192 2818 pontificiis.

432 2881 435 2886 .
502 2827 674 2899 'mortem
696 2823 942 2895 editafuerint
970 2823 1147 2910 miracula
1170 2831 1235 2894 &e
1258 2844 1337 2917 quae
1378 2823 1489 2918 Ergo.
1538 2818 1830 2917 Superstitionem
1842 2820 2018 2902 definiunt
2033 2820 2193 2892 Thomas

508 2921 670 3016 proinde
688 2941 709 2992 a
729 2909 835 2994 nobis
856 2942 896 2992 ut
924 2923 1060 2994 ineerta
1084 2925 1339 3016 &apocrypha
1378 2921 1423 2991 ll.
1435 2948 1469 2996 2.
1480 2940 1516 3012 q.
1540 2926 1598 2999 82„
1615 2939 1682 2990 art.
1704 2943 1737 2992 r.
1763 2915 1948 3014 &reliqui
1975 2916 2192 3008 scholastici,

519 3020 648 3094 merito
680 3021 928 3112 repudiantur.
986 3023 1043 3113 4.)
1084 3019 1338 3092 Leviusculum
1380 3019 1478 3113 quod
1492 3018 1540 3116 stc
1560 3023 1674 3090 uitium
1694 3021 1840 3116 religioni
1864 3021 2069 3091 contrarium
2085 3037 2103 3107 ,·
2135 3041 2195 3089 nor

519 3111 568 3188 est
589 3119 686 3211 quod
704 3117 946 3214 Bellarminus
971 3121 1094 3194 addit·
1131 3125 1203 3196 Cor
1226 3122 1262 3190 in
1285 3145 1339 3190 co-
1379 3122 1458 3214 qnia
1471 3122 1546 3212 plus
1561 3122 1705 3191 exbibeot
1716 3124 1750 3192 in
1771 3119 1892 3190 cultum
1912 3123 2061 3190 divinum
2074 3168 2087 3208 ,
2101 3141 2194 3215 quoto

379 3225 382 3230 '
427 3293 435 3302 ‚
518 3213 672 3292 iendariis
687 3240 738 3286 eos
750 3241 940 3311 ponamus,
982 3243 1060 3314 quot
1082 3213 1222 3290 bominac
1230 3222 1339 3311 perdi·
1378 3241 1455 3288 vtro
1478 3220 1617 3314 religio,
1648 3218 1707 3314 fed
1739 3223 1816 3316 quio
1843 3221 1965 3290 exbibet
1981 3219 2105 3290 coitum
2120 3219 2195 3288 dioi-

513 3307 777 3412 iifflmifiliff‘n
805 3318 1080 3387 interamniam
1100 3319 1241 3410 diutrfire
1267 3322 1337 3392 rdi-
1377 3342 1457 3388 num
1476 3318 1675 3389 ettennon
1699 3324 1817 3404 debet,
1857 3320 1907 3389 uel
1922 3344 1957 3387 eo
1981 3324 2103 3406 nodo,
2136 3341 2193 3416 quo
2228 3321 2231 3394 J

515 3416 625 3512 gionis
646 3439 668 3486 u
689 3414 830 3503 nolito,
865 3415 974 3511 soteri
1006 3442 1172 3516 cogamur.
1224 3420 1336 3495 Aliud
1375 3421 1553 3488 oondebct.
1606 3420 1680 3494 lam
1694 3442 1779 3491 vcro
1792 3420 1973 3491 invocatio
1995 3417 2194 3493 sanclorun

522 3514 621 3585 enim
638 3513 685 3586 est
708 3516 892 3586 memotiae
914 3515 1014 3600 causa
1034 3520 1173 3589 nudum
1202 3541 1336 3593 nomen
1381 3514 1668 3590 exhibetcultum
1679 3521 1842 3590 divinum
1858 3520 1949 3605 illi's,
1976 3517 2115 3611 quibus
2126 3537 2193 3590 non

451 3631 455 3639 ·
515 3613 721 3685 calendario
743 3611 923 3701 inserere,
950 3617 1047 3690 aliud
1076 3617 1339 3709 historias-san.
1381 3614 1565 3710 debetur,
1600 3638 1642 3689 ac
1657 3617 1778 3690 Deum
1793 3618 1877 3690 colit
1898 3641 1939 3688 co
1963 3613 2102 3708 modd,
2126 3635 2192 3712 quo
2230 3700 2231 3708 ἵ

519 3707 663 3782 diorum
678 3708 850 3799 scribere,
875 3721 909 3785 δι
922 3716 1073 3787 vicilitm
1089 3717 1188 3788 aliud
1204 3714 1251 3787 est
1265 3717 1338 3790 san.
1380 3719 1641 3809 nonpraecepit.
1691 3717 1787 3814 Ergo
1805 3715 1852 3788 est
1866 3714 2113 3812 superstitiosa.
2140 3717 2194 3785 Sc·

519 3805 663 3880 diorum
690 3806 918 3898 meminilie,
943 3813 1042 3884 aliud
1073 3814 1238 3909 religiose
1268 3816 1338 3890 eos-
1375 3810 1540 3907 perditio,
1566 3815 2191 3909 inquitssfflavessfflsalib-Wlffl-

519 3905 605 3978 dent
622 3908 800 3988 invocare.
852 3912 1063 3984 Retinentur
1083 3913 1338 4007 adpellationes
1381 3911 1456 3983 dist·
1475 3934 1530 4010 13·
1549 3914 1585 3985 in
1599 3916 1728 4010 explic·
1744 3915 1828 3989 tend.
1853 3907 2074 4012 estsmienlt'v
2087 3931 2191 3988 cosm

520 4006 670 4086 ethnicis
693 4005 850 4111 usitatae,
899 4009 1032 4104 quibus
1055 4016 1131 4087 dies
1159 4016 1340 4088 dominica
1369 4012 1473 4105 fidem
1494 4016 1621 4082 ratione
1634 4018 1888 4100 adinventionis,
1929 4014 1978 4092 Ψ
2003 4021 2127 4088 dicitnr
2138 4015 2192 4114 so·

518 4124 668 4180 vocatur
685 4107 859 4200 diessoit's,
883 4109 974 4182 feria
999 4115 1118 4206 prima
1139 4116 1205 4181 dies
1218 4116 1337 4209 lunae,
1375 4110 1520 4204 perstitio
1538 4114 1797 4212 quoſsficperjiuo
1823 4116 1991 4206 institutio.
2045 4116 2123 4190 lam
2140 4141 2191 4188 ve·

519 4201 610 4280 feria
624 4203 1007 4295 secundadiesMortis,
1022 4210 1337 4308 &sscconsequen-
1380 4234 1420 4283 ro
1437 4211 1605 4309 religiosa
1626 4215 1808 4311 invocatio
1829 4211 2035 4287 sandiorum
2058 4241 2130 4290 non
2151 4209 2192 4289 cli

516 4321 597 4391 ter,
623 4307 1339 4407 nonquodetlrnicamidololatriampro·
1382 4334 1428 4398 ex
1455 4310 1547 4398 fide,
1574 4310 1632 4384 sed
1653 4314 1812 4387 humano
1837 4313 1985 4386 arbitrio
2002 4309 2191 4390 inventa&

518 4400 669 4491 bemus,
695 4403 752 4478 sed
761 4424 800 4479 ut
816 4408 1008 4493 tenebrae,
1037 4408 1169 4504 quibus
1184 4415 1340 4486 maiores
1382 4407 1559 4505 superflue
1582 4410 1685 4506 (quia
1698 4435 1827 4509 praeter
1836 4413 2007 4508 verbum)
2032 4413 2191 4489 instituta.

516 4499 627 4576 nostri
650 4506 685 4574 in
714 4506 916 4600 gentilismo
943 4507 1109 4602 impliciti
1132 4508 1335 4600 ltaeserunt,
1380 4507 1477 4604 Ergo
1494 4507 1542 4580 est
1561 4508 1770 4604 superstitio.
1820 4514 1924 4588 Neve
1947 4516 2025 4586 ulla
2059 4513 2192 4612 supersit

513 4598 554 4690 in
575 4605 792 4682 memoriam
814 4606 919 4678 nobis
939 4628 1174 4699 revocemus,
1210 4632 1251 4682 ac
1268 4635 1335 4704 pro
1378 4607 2191 4711 dubitatio,sandioruminvocationeminpa-
2228 4637 2231 4708 t

518 4720 735 4794 parumper
767 4706 946 4800 evangelii
969 4706 1090 4777 lucem
1126 4708 1336 4804 dispulfione
1377 4728 1463 4802 patu
1480 4704 1545 4778 effe
1565 4733 1651 4781 cum
1671 4709 1915 4805 superstitione
1938 4713 2187 4801 cumunilam,
2229 4711 2231 4750 ²

516 4799 651 4894 gratias
665 4800 742 4870 Deo
773 4824 953 4896 agamus,
982 4808 1109 4879 codem
1133 4808 1204 4879 fine
1223 4811 1339 4882 nomi
1379 4806 1576 4879 adscribam
1591 4831 1632 4880 ea
1647 4811 1737 4881 dere
1752 4811 2004 4888 confessionem
2025 4835 2190 4907 quorum·
2230 4883 2231 4922 ,

517 4919 565 4976 na
584 4894 786 4983 sandlorum
803 4900 978 4989 illorum,
1008 4927 1168 4998 quorum
1186 4906 1339 4983 historiae
1379 4905 1461 4977 dam
1474 4930 1520 4978 ex
1539 4907 1836 5003 ipstspontificiis.
1863 4911 2075 4985 Bodinusin
2091 4915 2189 4986 mcth.
2230 4949 2231 4960 κ

519 4995 730 5089 apocryphae
754 4994 832 5070 sunt
857 5007 890 5072 δι
925 5002 1096 5092 incertae,
1123 5007 1337 5082 calendariis
1378 5004 1497 5078 histor.
1514 5030 1589 5102 cap.
1609 5028 1684 5102 pp.
1706 5029 1785 5082 100.
1812 5013 1978 5085 Antonius
2005 5039 2028 5081 o
2041 5013 2193 5109 plerisque

517 5092 746 5186 inseruntur,
768 5090 1035 5190 acutnnrtuoic,
1049 5094 1257 5199 lanisterii,
1283 5130 1338 5179 re·
1379 5106 1414 5174 in
1442 5104 1544 5179 ltalia
1568 5106 1616 5182 δ’
1645 5106 1756 5179 Gallio
1788 5111 1999 5209 Narbonensi
2018 5116 2195 5185 ardentiore

518 5190 638 5289 spediu
661 5195 708 5312 ad
732 5198 1002 5292 pontificiorum
1017 5205 1228 5304 opinionem
1239 5207 1340 5284 habi·
1383 5218 1486 5294 voto,
1512 5211 1970 5298 “ritmivrm‘tvtvliturn
1994 5237 2098 5307 qm
2113 5216 2196 5287 ΠΜ

517 5310 554 5378 to
570 5339 583 5385 ,
595 5289 710 5392 fiands
723 5298 963 5400 adpellantuc.
1015 5361 1018 5366 .
1383 5305 1584 5383 inmortalis.
1631 5310 1774 5412 Ludov.
1787 5311 1900 5390 Vives
1921 5310 2114 5407 iocorum.
2136 5315 2197 5391 lib.

566 5631 602 5702 Ω
