4934 6392
694 595 697 604 ’
832 643 905 719 na
955 644 1264 778 thnttcrts
1315 639 1535 727 notris.
1846 611 1848 616 ⁵
1976 627 2056 751 'nr

273 820 362 920 legis
379 819 451 895 elie
469 847 562 911 eam,
588 820 678 922 qttod
699 823 985 928 antesept'clturata
1008 825 1141 895 cadave-
1189 828 1461 924 abgescltuittcnts
1481 835 1579 908 Glied
1600 818 1661 904 der
1682 828 1819 929 heiligen
1842 830 2043 921 christlicbcn

272 927 324 994 ric
346 929 465 1018 cutam
487 931 531 995 nd
547 924 787 1022 quieternsttacn
801 930 975 1030 pervenire
991 947 1055 992 nan
1068 924 1141 1013 pus·
1166 931 1344 1012 ¹llircltcn,
1371 925 1552 1028 pergenita
1572 929 1679 1027 laffin.
1732 933 1796 1001 Sed
1817 935 1849 1000 in
1863 953 1985 1024 genere
1999 929 2043 999 de
2072 971 2075 984 -

264 1021 336 1120 ft,
360 1043 425 1092 etet
437 1027 480 1092 ab
492 1029 617 1120 angelis
634 1026 707 1089 duci
725 1024 950 1090 intitularentur
976 1024 1060 1106 Dei,
1077 1019 1143 1112 sed
1188 1027 1342 1096 omnibus
1355 1035 1489 1122 proprie
1503 1031 1597 1099 dtttts
1610 1033 1769 1100 hereticis
1782 1052 1819 1098 sc
1831 1032 1966 1097 notorie
1979 1031 2042 1096 im·

273 1123 577 1220 &surbregetur
592 1120 706 1218 adfligi
721 1117 764 1205 ὕ
786 1124 899 1191 uexari
913 1146 933 1189 a
949 1122 1065 1190 turnis
1082 1124 1140 1191 de·
1187 1126 1271 1216 piis,
1298 1129 1353 1217 qni
1370 1148 1484 1194 coram
1503 1127 1564 1194 Dei
1585 1125 1711 1218 jndicio
1730 1147 1793 1220 pelo
1812 1127 2043 1194 exeommuni-

271 1241 424 1289 flunttnt.
532 1301 535 1306 ¹
1188 1227 1267 1290 catis
1286 1245 1323 1288 ae
1343 1220 1502 1292 damnatis
1519 1224 1697 1316 habentur,
1722 1217 1845 1292 etinmfi
1865 1219 2042 1315 injudicio

930 1332 935 1338 '
1189 1315 1330 1386 ecclelia:
1345 1327 1482 1388 externo
1499 1345 1566 1390 non
1579 1317 1636 1389 lint
1647 1323 1863 1404 nominatim,
1882 1322 1958 1389 &in
1972 1313 2043 1410 spe·

312 1441 457 1500 ΨΜ.
592 1410 625 1503 §.
653 1411 723 1484 XC.
782 1409 1050 1498 Qttatritner.)
1084 1410 1146 1483 An
1189 1419 1542 1486 cieexeommunicati.
1599 1423 1645 1503 5.)
1669 1416 1769 1498 Quod
1788 1440 1857 1485 non
1878 1411 1982 1484 solnm
1997 1411 2043 1483 de

282 1541 312 1590 4·
341 1519 492 1580 aaran·
537 1515 758 1601 pertinacibus
789 1509 941 1579 lt'cctticic
966 1531 1003 1575 uc
1036 1512 1143 1606 inpiis
1186 1513 1270 1594 illis,
1296 1518 1351 1606 qtci
1379 1518 1411 1581 in
1436 1517 1575 1584 notoriis
1603 1511 1734 1600 llagitiis
1763 1512 1828 1582 fine
1850 1515 2043 1606 punitentia

283 1601 407 1694 'ifllv‘l
421 1605 472 1657 ''¹⁸-
540 1608 821 1706 inpirnpaniteatin
845 1608 904 1704 uel
922 1606 1143 1698 desperatione
1188 1613 1397 1694 moriuntur,
1426 1606 1478 1680 led
1501 1617 1600 1680 etiam
1617 1602 1658 1677 de
1678 1609 1760 1694 illis,
1784 1613 1841 1702 qni
1867 1632 1906 1678 ex
1928 1604 2041 1702 despe-

283 1679 513 1838 ἧΐῦᾗῖὲ
539 1710 673 1774 mortuis
692 1707 831 1796 confracti
852 1705 984 1787 banella
1000 1727 1036 1771 ac
1058 1705 1143 1772 altri·
1187 1711 1316 1773 ratione
1329 1710 1486 1777 uiolentas
1499 1731 1613 1776 manus
1627 1704 1766 1804 sibiipfis
1782 1704 2042 1812 inferuntpflquz·

535 1899 682 1995 gratur?
728 1901 828 1968 Circa
857 1896 969 1966 ilatum
995 1898 1142 1984 qttatllio·
1210 1898 1334 1969 tradam
1364 1900 1529 1970 dttlinelto
1552 1899 1758 1985 adhibenda,
1788 1918 1822 1969 ut
1850 1904 2042 1970 monuimus

291 2003 339 2072 uis
355 1996 543 2070 nuendum
574 1995 622 2092 s.)
648 1998 737 2094 qnod
759 2000 791 2065 in
813 1991 961 2084 subiello
981 1985 1142 2095 (annuu-
1185 1921 1342 2089 lbpetius.
1394 2008 1444 2087 6.)
1469 2000 1569 2078 Quod
1584 1998 1653 2082 illi,
1676 2003 1731 2094 qni
1747 2019 1855 2067 morte
1871 2001 2041 2089 repentine

294 2123 349 2182 eae
368 2093 529 2192 propoliti
550 2117 618 2162 non
636 2113 748 2192 agatur
768 2093 810 2162 de
827 2091 911 2176 illis,
941 2101 996 2187 qni
1019 2097 1052 2161 in
1072 2115 1141 2160 uno
1186 2095 1330 2176 obeunt,
1355 2095 1406 2164 vel
1419 2093 1812 2189 acdinmtuinaoppreffi,
1838 2094 1888 2164 vel
1904 2100 1936 2162 itt
1949 2099 2041 2183 aqttis

527 1801 827 1894 stianesepnltarc
852 1801 1142 1870 citucrciledene·
1189 1802 1251 1869 llio
1274 1802 1474 1887 inllituatnr,
1506 1808 1561 1874 ubi
1587 1824 1698 1874 tanten
1726 1809 1813 1873 iuter
1839 1799 2041 1900 αὐτόχειρας
2076 1872 2086 1882 „
2173 1807 2177 1816 '

294 2197 343 2268 vel
360 2195 467 2264 altero
484 2190 663 2261 chrillianae
679 2191 851 2284 religionis
864 2190 1003 2259 articulo
1022 2211 1144 2274 errant,
1187 2185 1355 2275 suffocati,
1381 2216 1450 2262 non
1472 2188 1533 2266 scat
1551 2190 1653 2262 llatim
1673 2207 1747 2287 pro·
1760 2190 2040 2284 impunitentibns
2185 2277 2188 2282 Ι

299 2294 427 2363 interim
451 2289 554 2384 p'arati
578 2284 649 2359 sunt
676 2285 951 2359 informationem
972 2312 1011 2355 ex
1036 2287 1140 2355 verbo
1187 2286 1350 2373 habendi,
1376 2285 1430 2359 sed
1447 2288 1537 2381 qnod
1565 2300 1628 2357 nita
1649 2289 1792 2359 anteadla
1814 2291 1869 2358 hin
1886 2286 1920 2356 fit
1938 2287 2041 2382 respi-

300 2389 359 2462 liet
375 2383 559 2482 Μάρσης
590 2381 644 2454 sed
669 2385 710 2455 de
728 2387 949 2476 pertinacibus
970 2386 1139 2466 hereticis,
1187 2384 1315 2454 cienda.
1365 2389 1420 2472 7.)
1434 2386 1533 2466 Quod
1547 2391 1580 2456 in
1594 2390 1767 2479 predicata
1784 2385 1968 2480 quaellionia
1982 2405 2041 2476 per

300 2485 442 2578 baetti„
458 2487 516 2576 qui
538 2487 570 2550 in
594 2481 888 2552 fundamentalibus
904 2481 981 2551 lidei
998 2479 1142 2549 articulis
1188 2477 1363 2580 conl‘petus
1385 2485 1527 2553 honellae
1548 2508 1584 2554 ac
1607 2484 1788 2554 chrillianae
1809 2479 1979 2577 sepulturae
1995 2484 2040 2552 ri·

302 2595 421 2669 mant,
453 2600 552 2674 atque
576 2603 727 2650 errorem
747 2575 838 2648 sunm
861 2585 1069 2673 pertinaciter
1084 2577 1142 2646 de·
1188 2598 1237 2647 tue
1260 2580 1463 2675 intelligatur
1479 2605 1548 2651 non
1567 2577 1632 2677 ipsa
1662 2585 1811 2651 lmntatio
1833 2581 1885 2650 vel
1906 2581 2041 2649 lunera-

301 2679 451 2763 tendunt,
475 2702 513 2747 ac
531 2679 673 2772 proinde
695 2701 756 2747 nec
780 2681 813 2745 iu
835 2676 927 2745 verbi
946 2674 1057 2746 auditu
1080 2697 1141 2744 nec
1160 2679 1253 2766 geio,
1279 2677 1396 2763 deuna
1411 2678 1600 2773 accipienda
1614 2680 1806 2772 quibusdam
1819 2677 1949 2746 videtur
1960 2699 2042 2746 con·
2181 2676 2183 2680 ’

300 2782 331 2848 ἱιι
363 2775 646 2850 sacramentorum
680 2778 920 2846 communione
951 2799 1026 2842 cum
1064 2794 1140 2840 vera
1186 2772 1309 2842 llitutio
1329 2776 1500 2847 Marciani.
1518 2776 1539 2849 l.
1557 2780 1747 2848 Humanum
1765 2803 1796 2856 9.
1814 2775 1855 2845 C.
1870 2773 1910 2841 dc
1927 2775 2039 2854 haret.
2174 2821 2176 2826 -

300 2873 427 2948 etelel'ta
444 2877 649 2968 participant.
707 2872 759 2960 a.)
783 2871 883 2969 Qtod
905 2895 971 2948 oon
997 2868 1034 2938 stt
1054 2893 1142 2962 qttae-
1187 2873 1384 2944 &Manicln
1410 2882 1589 2945 Humanum
1611 2872 1658 2948 Εἴ
1678 2878 1766 2966 pinea
1790 2867 1848 2964 effe
1864 2883 2038 2962 pectantes,

300 2973 354 3044 llio
365 2975 408 3044 de
425 2974 588 3043 ltaeretieis
605 2992 642 3038 cc
662 2973 769 3062 impiis
785 2971 935 3054 occultis,
957 2971 1014 3063 qni
1028 2962 1144 3035 vello·
1188 2969 1350 3039 hereticos
1368 2974 1585 3064 permittimus
1597 2973 1736 3067 sepeliri
1758 2971 1906 3064 legitimis
1924 2968 2041 3060 scpul-

248 3087 251 3104 .
302 3071 444 3144 lins·Dei
464 3067 607 3158 judicio,
640 3063 693 3135 vel
717 3087 757 3133 ex
782 3087 962 3160 paucorum
991 3064 1144 3164 duntaxat
1187 3069 1269 3143 tric,
1295 3072 1329 3137 dt
1347 3063 1368 3141 l,
1385 3073 1530 3139 Ηιηιῑη·
1547 3071 1623 3143 eod,
1653 3066 2042 3160 Huntcttfgmmm.

300 3167 562 3242 Cbriliianotum
587 3166 702 3233 notitia
728 3161 862 3232 harelin
884 3185 921 3232 ae
941 3166 1144 3255 impietatem
1188 3171 1230 3233 alo
1248 3175 1283 3234 tet
1300 3163 1627 3261 ceteriscpeliccntccr.
1678 3167 1772 3263 Apud
1786 3164 1945 3234 Hebraeos
1963 3160 2040 3258 lege

300 3263 431 3353 fovente
455 3255 514 3334 sed
533 3263 578 3332 de
596 3263 733 3331 notariis
750 3260 900 3331 hereticis
912 3285 950 3330 ac
964 3256 1146 3351 muaifetlic
1188 3281 1320 3332 cautum
1341 3283 1428 3350 etat,
1453 3288 1496 3335 ne
1513 3265 1623 3356 lustrat
1643 3266 1835 3358 insignitum
1849 3262 1973 3356 quiden
1988 3284 2042 3329 ec·

248 3363 250 3382 '
299 3367 419 3460 inpiis,
440 3363 499 3460 qnl
518 3357 673 3456 gradibus
691 3355 962 3427 admonitionum
981 3353 1147 3450 pollhabi·
1187 3362 1383 3458 linquerent.
1435 3363 1498 3432 Sed
1515 3360 1764 3453 bonorilicailla
1779 3357 1903 3429 funeris
1918 3358 1958 3427 ad
1975 3382 2042 3428 coe·

297 3467 335 3536 tit
349 3469 385 3534 in
400 3455 516 3530 ltaeteli
531 3459 586 3525 vel
600 3453 769 3550 impietate
785 3441 1025 3548 perleve‘tanoes
1044 3453 1148 3520 maxi·
1190 3458 1366 3527 mererium
1388 3458 1565 3547 dednffin,
1597 3485 1670 3556 quae
1694 3457 1731 3529 fit
1753 3481 1829 3527 cum
1851 3451 2041 3549 psalmodiis

258 3635 261 3640 .
296 3585 354 3636 mo
371 3583 453 3630 cum
475 3551 617 3624 ecclesa
636 3549 787 3621 [candeio
807 3550 899 3620 verbi
918 3555 950 3622 ἀ
968 3545 1147 3619 sententen-
1189 3551 1303 3639 sacris,
1328 3552 1368 3621 ad
1387 3560 1568 3627 viventium
1585 3555 1859 3628 informationem
1875 3575 1912 3621 ac
1924 3546 2043 3622 conlo·

286 3671 408 3732 'totum
429 3656 671 3738 cotttmunione
692 3643 829 3746 seipsos
856 3654 1035 3744 privarunt.
1092 3647 1146 3735 3)
1190 3652 1367 3732 larionem,
1391 3649 1541 3725 detttnttt
1556 3678 1638 3724 vero
1647 3649 1972 3725 commendationem
1985 3646 2043 3718 ad·

248 3797 251 3846 :
293 3754 398 3842 Quod
417 3747 490 3821 non
507 3747 543 3820 stt
561 3745 695 3837 qrtaellio
717 3743 758 3816 de
775 3746 855 3832 illis,
881 3747 1026 3840 quiante
1043 3738 1146 3812 linem
1188 3746 1911 3846 connnodata,·adeoqneomnesilliritus,
1958 3748 2045 3816 uiin

294 3859 371 3926 vine
387 3847 559 3920 erratibus
580 3844 633 3914 vel
656 3843 785 3914 detrun
807 3837 869 3912 suis
895 3846 1013 3938 agnitis
1035 3861 1147 3908 veram
1189 3842 1419 3917 honorifica&
1435 3847 1605 3916 chtilliana
1618 3854 1672 3944 pie
1686 3769 2044 3941 defundlorumiepul·

248 3955 251 3982 ²
291 3949 524 4052 pcmitentiam
545 3961 700 4040 egerunt,
725 3963 763 4011 ns
776 3964 853 4010 eum
873 3935 1005 4008 ecclelia
1022 3941 1055 4005 in
1072 3959 1146 4030 gra·
1188 3961 1259 4013 tura
1277 3940 1428 4014 adhibesl
1445 3946 1694 4019 consueverunt.
1933 3957 1937 3964 ·

294 4055 378 4124 tiam
399 4042 589 4128 redieruut3
616 4033 670 4108 led
693 4041 735 4108 de
756 4037 840 4125 illis,
867 4040 923 4131 qui
948 4040 981 4105 in
1005 4038 1146 4104 notoriis

283 4143 468 4228 erroribtte
486 4163 525 4207 ⁸⁰
544 4134 756 4234 flflgltlbfim
774 4137 960 4229 Poenlltitllfi
981 4132 1023 4203 ad
1045 4129 1147 4200 finem
1238 4136 1273 4229 §.
1299 4133 1386 4207 xci.
1436 4137 1538 4208 Hisce
1556 4137 1597 4207 de
1614 4134 1885 4230 llatnqnaellionis
1899 4127 2042 4231 praemis·

295 4228 681 4339 nsquevtcaehaescrmc.
748 4240 795 4320 4.)
821 4233 928 4327 Qtnd
950 4254 1018 4299 non
1043 4224 1149 4295 solum
1190 4232 1249 4315 scs,
1274 4234 1480 4326 negativead
1508 4232 1713 4331 propofitum
1738 4229 2045 4329 g'ianaaretpon.
2147 4311 2151 4318 .

300 4345 342 4413 de
357 4339 424 4410 illia
438 4337 600 4405 hereticis
615 4355 652 4399 aa
670 4335 780 4427 impiis
795 4351 976 4425 qttatratuc,
1003 4329 1058 4418 qni
1072 4318 1151 4394 κατ’
1189 4328 1335 4398 dendnm
1354 4327 1417 4399 elle
1437 4330 1607 4405 ducimus,
1633 4336 1833 4425 argumentis
1855 4333 1963 4427 petitis
1979 4331 2044 4410 l)n

288 4437 411 4528 ’ὄνομα
425 4432 625 4502 nominatim
640 4451 676 4498 ac
694 4435 729 4498 in
749 4423 855 4521 specie
874 4424 944 4496 lunt
961 4445 1152 4492 excommu·
1190 4430 1303 4496 diuino
1317 4433 1478 4505 naccdatu.
1510 4430 1617 4511 liena,
1630 4425 1720 4517 cujas
1734 4425 2046 4497 voluntasomnium

301 4538 422 4614 niceti,
448 4526 628 4618 dequibus
649 4517 1065 4595 eonllitntionibuseccles.
1088 4517 1151 4586 ele·
1192 4525 1359 4594 actionum
1383 4527 1565 4597 nollrnrucn
1598 4522 1711 4618 regula
1734 4519 1798 4594 ell'e
1825 4523 1942 4610 debet,
1967 4543 2048 4618 pta·
2124 4537 2132 4552 ¹

303 4631 405 4702 eloris
421 4625 556 4719 tlugnlli
578 4623 774 4698 inartienlis
790 4619 995 4720 generalibus
1018 4616 1152 4708 euplii.
1194 4622 1300 4691 hibuit
1327 4628 1470 4692 notoriis
1499 4627 1659 4694 haereticis
1678 4646 1715 4692 aa
1740 4619 1910 4692 manifeste
1937 4622 2049 4711 impiis

302 4725 366 4800 fol.
386 4749 467 4808 327·
491 4718 532 4789 fic
549 4720 716 4812 loquitur:
744 4727 792 4794 Ira
811 4714 885 4790 Fati
900 4724 941 4785 da
961 4721 1012 4785 dir
1032 4738 1152 4784 excarn-
1196 4716 1364 4788 bonallam
1383 4725 1415 4789 dt
1432 4724 1637 4791 cltrillianam
1660 4715 1856 4810 sepulturam
1879 4715 2048 4788 conferre.

305 4827 472 4898 unitim
494 4817 620 4913 Person
641 4821 721 4890 vlint
740 4815 914 4916 Befferung
936 4840 994 4885 aas
1011 4819 1077 4882 dem
1096 4825 1154 4886 te·
1198 4818 1291 4909 Ergo
1313 4839 1389 4883 vere
1418 4820 1460 4912 pii
1487 4838 1640 4914 tanquam
1666 4814 1880 4911 obsequentes
1904 4817 1968 4884 Del
1988 4811 2050 4883 filii

248 4953 252 4984 t
309 4929 367 4997 lna
382 4917 565 5014 abscinde,
579 4915 624 5011 s⁰
636 4913 705 5010 soll
719 4921 778 4987 dac
795 4915 976 5011 Pfarruallt
997 4915 1084 4982 nitbt
1098 4915 1156 5005 lacy
1197 4935 1313 4983 cavete
1335 4911 1473 4999 debent,
1499 4939 1542 4996 ne
1556 4933 1671 4984 contra
1692 4914 1838 4985 divinam
1860 4911 1952 4983 illam
1972 4932 2051 5004 pro·

286 5014 684 5115 ,dcrssegriibnlicseccm
701 5009 1156 5109 suadtrnſseabnegebiiltr·
1196 5012 1395 5081 bibitionem
1427 5030 1533 5104 agant.
1594 5015 1792 5085 antecedens
1812 5009 1969 5106 probatur
2001 5008 2051 5093 t.)

311 5119 384 5192 licite
404 5095 733 5192 Cerenanictsdaecls
751 5117 803 5184 die
825 5108 998 5204 beflclletea
1015 5112 1158 5180 Tadtrn·
1198 5133 1239 5179 ex
1253 5107 1395 5205 secando
1418 5109 1561 5202 decalogi
1578 5118 1758 5202 precepto,
1782 5112 1898 5200 inquo
1915 5098 2052 5202 ebulum

308 5220 442 5320 gruta,
463 5205 1016 5307 cocta-ffirnuttecsttintloss,
1038 5209 1087 5280 alc
1104 5209 1159 5278 ein
1197 5208 1346 5278 nominis
1377 5200 1424 5274 sui
1454 5204 1557 5274 divini
1587 5205 1675 5276 Deus
1707 5208 1850 5304 graviter
1878 5201 2057 5301 probibet,

356 5317 449 5391 Tan.
466 5314 507 5386 X
510 5313 551 5386 V
547 5313 601 5388 ΙΙ.
998 5381 1002 5388 ,
1316 5298 1350 5372 Ν
1955 5299 2063 5377 Exod.
