4934 6392
493 658 562 738 rec
616 645 622 658 '
842 594 851 604 '⁸
911 643 914 647 ’
946 616 1399 775 nomentanam,
1428 656 1771 739 vntsncnxt.

489 840 703 942 qaefidelium
726 842 996 938 christianorum?
1044 851 1118 945 quir
1126 847 1213 950 ficut
1231 868 1311 938 apo·
1347 844 1449 941 petat
1471 866 1537 937 pro
1554 844 1655 920 nolis.
1706 837 2016 937 Qreareinterpellrt
2036 861 2108 934 pro
2131 864 2182 915 no.

378 981 382 987 ·
485 944 600 1040 stolum
626 944 782 1042 Clerijli,
814 944 875 1019 “fd
894 971 960 1018 non
976 947 1067 1048 firut
1092 941 1313 1039 antichristum
1352 941 1430 1016 bis?-
1450 944 1528 1038 quia
1549 944 1709 1013 mediator
1733 935 1791 1036 effe
1806 941 1961 1036 dignatus
1981 936 2038 1035 ιβ.
2092 939 2177 1035 Quid

490 1067 562 1117 rum
575 1043 786 1117 intueretur?
812 1046 855 1116 Et
873 1045 992 1121 infra:
1020 1050 1055 1119 Si
1070 1045 1140 1148 effet
1156 1046 1313 1117 mediator
1353 1041 1621 1141 est'mediutoreit
1638 1035 1789 1137 effrinter
1801 1040 1920 1114 Deum
1942 1037 1991 1114 gd
2002 1038 2182 1145 'bomineri

491 1144 641 1232 Paulus,
677 1140 770 1242 effert
796 1145 979 1240 utique&
1003 1150 1118 1219 caeteri
1147 1141 1313 1239 eoaptfiod
1352 1167 1417 1214 non
1434 1144 1519 1213 inter
1533 1143 1669 1215 Putrem
1681 1136 1956 1233 &bominer,sed
1970 1140 2062 1209 inter
2074 1141 2185 1215 Deam

332 1323 344 1332 ,
491 1247 580 1332 uus,
607 1243 686 1339 aest
705 1245 798 1315 multi
817 1245 1008 1320 mediatores
1034 1244 1160 1346 essent,
1186 1242 1320 1338 manipli
1342 1241 1401 1318 a&
1425 1239 1580 1315 luntres.
1630 1240 1710 1313 Nom
1728 1241 1819 1308 inter
1844 1240 1985 1310 Patrem
2012 1235 2063 1314 U
2075 1236 2193 1343 βιιιὶι.Ι
2230 1242 2231 1303 i

489 1341 759 1438 Pauloeonstoret
772 1347 859 1415 ratio
872 1392 884 1432 ,
897 1368 963 1440 qua
971 1349 1109 1441 dixerat:
1126 1348 1220 1431 Unn
1230 1346 1313 1415 enim
1352 1364 1409 1413 ner
1423 1388 1436 1429 ,
1452 1341 1515 1451 [ιβ
1539 1341 1625 1412 inter
1653 1339 1764 1410 Deum
1794 1334 1844 1413 85
1876 1334 2033 1411 leomines.
2096 1337 2186 1436 Quid

489 1446 608 1529 Deus,
632 1465 719 1514 umus
729 1446 884 1515 mediator
907 1448 974 1518 Dei
990 1445 1037 1522 ἔθ’
1048 1449 1233 1533 lominum,
1256 1444 1313 1515 lto·
1353 1439 1395 1535 ιβ
1422 1437 1542 1515 Deus?
1577 1439 1704 1526 Pater,
1742 1436 1851 1509 ettae
1875 1435 1923 1513 ed
1944 1438 2090 1533 Spiritus
2099 1437 2185 1535 sau·

491 1568 544 1615 mo
558 1540 813 1639 Ciristurlesus.
862 1540 1021 1617 Ibidem:
1059 1548 1216 1619 Homines
1229 1544 1314 1614 etrt·
1344 1538 1434 1612 etue
1446 1539 1552 1635 *Quid
1555 1537 1639 1635 stent
1659 1536 1799 1610 domines
1811 1534 2044 1632 tractatores,
2072 1540 2187 1633 impii,
2230 1582 2231 1589 κ

416 1727 419 1735 ,
488 1640 585 1734 iliani
610 1644 742 1713 inanem
739 1642 780 1737 se
794 1647 1016 1716 commendant
1023 1647 1224 1719 orationibus
1225 1642 1313 1737 suis,
1353 1639 1518 1711 mortales.
1551 1637 1739 1709 Interillam
1755 1634 2011 1713 Trinitatem&
2022 1637 2190 1711 lomim

771 1742 1314 1939 eternaliter
1355 1736 2194 1933 {tettan{retentarent

603 1912 610 1930 ,-
656 1889 668 1928 i
1303 1893 1314 1913 ·
1497 1920 1499 1924 .
1710 1916 1712 1919 v
1764 1884 1777 1924 t
2127 1915 2129 1919 -

493 1930 663 2033 (Excipit
680 1939 923 2014 bellarminus
940 1964 1016 2037 cap.
1035 1961 1093 2018 20.
1110 1943 1198 2039 resp.
1220 1942 1266 2013 ad
1281 1965 1316 2013 2.
1357 1949 1396 2008 ut
1422 1962 1463 2009 ex
1485 1961 1547 2025 er,
1588 1941 1675 2032 quod
1695 1937 1912 2031 nominiquur
1931 1983 1950 2039 ,Ι
1980 1936 2137 2050 iungeret
2161 1950 2191 2011 tr

390 2062 392 2066 ’
493 2036 720 2135 Augrestinum
744 2038 830 2136 ioqui
849 2045 888 2110 de
901 2043 1074 2114 mediatore
1091 2043 1317 2127 redemtionis,
1360 2041 1433 2114 Deo
1440 2064 1455 2121 ,·
1480 2059 1585 2123 exeo,
1609 2040 1697 2133 quod
1711 2032 1884 2121 infirmus,
1890 2047 2137 2130 μνιγιιᾳιιανιί
2149 2038 2195 2109 ti·

493 2134 533 2212 ne
550 2135 713 2234 Christum
738 2140 805 2209 ideo
832 2161 947 2211 uocare
969 2163 1070 2214 unum
1088 2144 1318 2224 mediatorem,
1359 2140 1390 2209 bi
1409 2184 1432 2224 ,.
1462 2149 1558 2231 atque
1583 2136 1632 2205 ita
1649 2145 1690 2205 ut
1713 2135 1799 2204 inter
1824 2134 1936 2205 Deum
1960 2131 2009 2209 Εἴ
2030 2136 2193 2213 bominem

493 2236 950 2335 quiasolutituestmediator,
980 2240 1318 2339 utnonindigeatalio
1359 2239 1517 2308 mediator
1535 2230 1689 2331 exfieret.
1742 2229 1783 2305 V
1779 2234 1889 2305 erbum
1905 2232 2126 2327 aarosallum
2141 2232 2195 2331 ιβ,

494 2340 680 2408 mediatore.
730 2334 831 2431 Relp·
850 2337 925 2409 imo
941 2362 1028 2423 vero
1049 2342 1086 2413 in
1106 2362 1241 2439 genere
1256 2361 1318 2411 ne·
1358 2333 1468 2431 idest,
1497 2332 1645 2406 Verbum
1662 2333 1755 2406 domo
1766 2330 1900 2428 salium
1925 2331 1977 2425 ιβ.
2033 2332 2198 2425 (Athea

367 2502 372 2511 .
495 2455 558 2532 gat
587 2429 653 2507 elle
680 2434 803 2529 plures
837 2435 1078 2525 mediatores,
1104 2461 1146 2511 ae
1167 2437 1318 2533 disputat
1359 2436 1450 2506 tatio
1462 2455 1536 2505 non
1546 2431 1718 2537 convenit
1730 2429 2197 2524 sonnissedsoli--cnrtstnt

496 2553 722 2620 contraeas,
746 2533 811 2626 qui
828 2533 1024 2609 Iohannem
1041 2538 1242 2611 &Paulum
1253 2558 1318 2606 vo·
1356 2534 1396 2605 ln
1429 2530 1721 2615 enarre-Psalm.
1762 2528 1925 2603 xxxvl.
1975 2530 2010 2601 0
2036 2534 2195 2626 popule,

497 2632 625 2705 cabant
650 2632 879 2706 mediatores.
929 2636 977 2708 At
1000 2659 1107 2709 nemo
1133 2655 1218 2709 tunc
1233 2635 1316 2706 illos
1356 2634 1452 2703 talem
1472 2630 1552 2729 elige
1562 2628 1789 2724 sacertotem,
1824 2653 1967 2726 proquo
1981 2652 2049 2700 non
2067 2626 2198 2728 edgaris

496 2731 622 2803 babuit
647 2750 715 2826 pro
749 2730 1010 2806 mediatoribus
1039 2735 1316 2830 redemtionis..
1357 2748 1473 2817 orare,
1494 2731 1555 2822 fid
1581 2733 1622 2809 dr
1646 2731 1736 2800 euius
1754 2730 1904 2801 oratione
1916 2754 1981 2824 pro
2004 2729 2198 2822 te'serurut

496 2828 636 2923 sedpro
660 2827 918 2903 mediatoribus
953 2833 1204 2909 interreismnis
1239 2833 1320 2927 qui·
1360 2828 1415 2927 effe
1431 2829 1540 2924 ροβε.
1603 2828 1676 2922 Ipse
1703 2826 1753 2925 ιβ
1768 2829 1941 2939 [Dominus
1969 2827 2082 2925 noster.
2108 2829 2198 2924 lesus

499 2928 582 3001 dam
614 2950 676 3000 eos
704 2929 882 3000 honorare
911 2930 1131 3017 voluerunt,
1160 2952 1320 3025 quorum
1361 2929 1533 3025 Christus,
1568 2950 1658 3002 ,unus
1682 2931 1841 2999 mediator
1860 2931 1927 3001 Dei
1951 2927 1998 3003 it*
2016 2928 2196 3013 tornielum.

450 3089 467 3099 -,
498 3007 659 3098 errorem
675 3025 866 3121 improbat.
919 3026 1321 3125 Testanturhocipsum
1360 3029 1402 3101 ln
1419 3026 1674 3101 enarr.Plalm.
1689 3022 1815 3099 XCIV.
1841 3029 1875 3098 Si
1879 3026 2196 3126 sacerdotemreqni·

501 3122 629 3197 diserta
640 3120 834 3222 Augustini
849 3122 984 3218 verba,
1026 3126 1321 3224 quoddemedi'a·
1361 3150 1443 3221 ras,
1460 3126 1663 3222 superantes
1680 3123 1747 3220 ιβ,
1772 3127 2038 3225 interpellatore
2058 3134 2114 3213 te,
2140 3131 2195 3223 qai

497 3241 574 3294 tore
593 3223 843 3301 interceffionis
865 3243 975 3322 agat,
1002 3227 1047 3301 lic
1064 3229 1164 3312 enim
1180 3224 1319 3299 scribit:
1362 3229 1398 3306 in
1414 3237 1667 3298 terramortuur
1679 3223 1721 3323 ιβ
1734 3237 1853 3320 prote.
1891 3225 1931 3308 ln
1944 3224 2069 3299 Pialm.
2088 3226 2195 3301 CVII.

495 3323 532 3393 Si
559 3319 721 3399 lohannes
743 3323 885 3411 diceret,
910 3330 1116 3399 mediatorem
1139 3323 1189 3396 me
1202 3327 1322 3397 iubetis
1364 3317 1510 3421 Nonest
1541 3322 1632 3420 iusta
1655 3327 1790 3413 oratio,
1835 3326 1896 3424 miſs
1915 3349 1975 3418 per
2013 3325 2192 3424 Cltristum.

338 3432 339 3437 ’
495 3425 585 3516 apud
605 3423 766 3508 Patrem,
790 3444 847 3518 ego
860 3447 958 3494 exaro
975 3451 1036 3517 pro
1045 3430 1183 3521 pereatis
1196 3421 1320 3519 vestris,
1340 3425 1483 3498 ·Oratio
1495 3422 1719 3521 iratamque
1732 3421 1917 3520 nonsitper
1930 3423 2093 3512 Cltrillum
2105 3475 2118 3514 ,
2131 3451 2194 3497 nore

496 3523 568 3618 quir
581 3544 652 3591 eum
659 3517 796 3616 ferret?
814 3521 936 3594 Verba
953 3523 1037 3611 illa,
1056 3550 1120 3619 pre
1138 3550 1201 3622 quo
1214 3525 1323 3596 nullut
1360 3524 1461 3618 solunt
1480 3548 1544 3612 non
1559 3523 1666 3618 ‚potest
1689 3525 1788 3596 delere
1812 3536 1999 3618 peecatum,
2016 3525 2079 3617 sed
2095 3530 2193 3597 etiam

496 3621 701 3714 interpellat,
733 3617 786 3711 sed
810 3620 1148 3716 ipseiproomnibus,
1173 3625 1322 3697 diruetur
1363 3624 1434 3720 ipsa
1449 3622 1497 3720 fit
1511 3625 1548 3692 ir
1553 3636 1741 3716 peceatum.¹
1786 3620 1908 3696 Trali.
1931 3624 1959 3695 l.
1986 3621 2086 3719 epist.
2112 3625 2193 3717 Jon.

396 3773 399 3781 .
496 3741 655 3814 emurque
668 3721 825 3790 mediator
842 3718 909 3809 est,
932 3745 1005 3795 non
1028 3721 1107 3795 sunt
1126 3725 1319 3810 limitativa,
1363 3724 1407 3795 11.
1460 3722 1604 3809 Clamo,
1632 3727 1823 3794 advocatum
1842 3721 1992 3799 labemur
2015 3731 2109 3817 apud
2125 3728 2193 3797 Pa·

427 3870 440 3884 ..
496 3816 591 3913 quai
624 3814 781 3889 Christus
820 3840 862 3890 ea
893 3821 1064 3895 duntaxat
1105 3826 1242 3896 ratione
1283 3824 1321 3895 stt
1363 3837 1458 3895 trem.
1511 3822 1550 3898 V
1551 3824 1632 3895 idere
1666 3822 1780 3916 ipsum
1806 3816 1981 3893 lodonne'm
2003 3823 2193 3918 servante·

496 3922 531 3987 dt
555 3916 693 3987 dicatur
719 3915 1020 4009 solusmediator,
1054 3923 1140 4016 quia
1165 3946 1230 4018 pro
1246 3946 1321 3995 om·
1362 3923 1599 4007 humilitatem,
1623 3934 1706 3994 certe
1726 3925 1779 3992 vir
1805 3921 1905 4014 iulius
1926 3934 1999 3994 erat
2029 3921 2077 3998 θ’
2101 3949 2155 3996 ma
2180 3967 2193 3984 ·

498 4013 606 4086 nibus
629 4011 701 4119 ipse
725 4016 946 4111 interpellat,
973 4027 1006 4092 dt
1035 4021 1157 4094 nullus
1179 4046 1246 4117 pro
1264 4045 1321 4108 eo,
1361 4046 1446 4110 nus,
1474 4024 1530 4119 qui
1550 4024 1587 4090 de
1596 4023 1727 4117 patiore
1744 4025 1884 4098 Domini
1904 3949 2201 4119 mysterioruml'

494 4110 552 4183 sed
569 4110 647 4186 sunt
663 4117 914 4200 ratiocinativa,
927 4114 1106 4192 Christum
1122 4117 1252 4194 scilicet
1268 4123 1321 4193 in·
1361 4134 1450 4194 creto
1464 4124 1619 4213 [libebat,
1647 4122 1716 4210 ille,
1754 4125 1809 4220 qui
1823 4125 1856 4193 in
1869 4123 1999 4194 bibendo
2013 4124 2054 4194 de
2062 4122 2194 4219 pedore

496 4212 539 4283 de
566 4232 673 4307 atque
699 4214 781 4286 ideo
798 4210 864 4286 effe
891 4211 1005 4287 solum
1027 4225 1059 4289 δι
1079 4221 1229 4292 unicum
1248 4202 1321 4291 m'e·
1363 4225 1501 4296 Domini
1526 4223 1725 4293 divinitatem
1762 4221 1915 4305 rudlooit.
1964 4224 2007 4293 In
2028 4225 2194 4323 principia

495 4309 1000 4386 diatoremtumrcdemtionis
1018 4336 1096 4389 tum
1110 4316 1320 4391 interceffio·
1361 4333 1433 4393 erat
1451 4321 1622 4409 Verbum,
1648 4319 1696 4395 ff
1713 4321 1860 4394 Verbum
1876 4332 1948 4393 erat
1963 4324 2055 4416 apud
2069 4326 2194 4404 Deam.

497 4412 554 4483 nis
574 4459 586 4497 ,
625 4411 712 4503 quia
735 4410 807 4507 ipse
827 4409 921 4485 solus
938 4436 1002 4506 pro
1023 4416 1192 4489 omnibus
1213 4419 1319 4489 inter·
1362 4422 1413 4491 ille
1430 4422 1504 4491 talis
1519 4424 1573 4490 vir
1592 4445 1658 4492 non
1669 4424 1777 4509 dixit,
1805 4418 2143 4496 advocatumltadetir
2160 4448 2196 4498 a·

430 4490 435 4515 ¹
495 4512 631 4603 pellat,
667 4511 841 4598 Quamvis
860 4512 958 4584 enim
979 4512 1158 4585 christiani
1181 4514 1320 4587 selein·
1357 4525 1430 4616 pud
1447 4521 1604 4606 Patrem,
1624 4521 1683 4615 sed
1691 4524 1729 4618 β
1739 4524 1813 4617 quir
1824 4523 2029 4616 precaverit,
2056 4525 2194 4596 advoca·

325 4691 329 4697 Ι
496 4609 617 4685 vicem
635 4613 888 4683 commendent
916 4612 1138 4685 orationibus
1153 4614 1252 4703 suist
1273 4635 1323 4689 ta·
1365 4618 1615 4705 tumltobemnr,
1637 4623 1763 4716 inquit,
1790 4645 1855 4691 non
1870 4622 1953 4690 dixit
1968 4618 2195 4717 baletinNea

247 4708 253 4715 “
419 4800 421 4804 Ι
496 4727 581 4778 men
614 4730 687 4779 non
721 4707 799 4780 sunt
825 4709 886 4780 fibi
916 4710 1074 4782 invicem
1095 4712 1323 4796 mediatores
1366 4717 1552 4790 melatetis
1571 4721 1677 4805 dixit,
1702 4719 1875 4817 neeipfiem
1896 4717 2196 4815 Cleristnmltobetir

481 4805 776 4893 intercessionis,
802 4806 860 4880 sed
882 4808 940 4878 hic
959 4809 1076 4879 honor
1099 4810 1161 4883 soli
1187 4811 1324 4885 Christo
1366 4820 1474 4904 dixit,
1491 4816 1553 4912 sed
1573 4815 1621 4892 θ’
1649 4817 1811 4908 Cleritlatn
1837 4817 1966 4915 postult,
1989 4820 2120 4917 manse,
2149 4820 2196 4901 εἰ

495 4905 782 5002 relinquendus,
807 4905 863 5000 (id
889 4908 986 5001 quod
1000 4929 1045 4978 ex
1060 4909 1140 4981 aliis
1152 4911 1325 5006 Augusti·
1352 4918 1516 4989 'labemus
1533 4920 1635 5006 dixit,
1662 4922 1727 4990 iton
1750 4920 1883 4994 habetis.
1930 4918 2058 4989 Maluit
2072 4921 2114 5017 se
2132 4946 2194 5019 pa.

496 5007 536 5077 ni
559 5002 663 5076 diliis
688 5002 755 5075 erit
774 5003 1041 5094 manifestius.)
1075 5009 1115 5079 ln
1139 5031 1256 5083 enarr.
1277 5012 1321 5084 11.
1366 5021 1440 5088 ner'e
1462 5017 1650 5089 innumero
1666 5024 1897 5114 portitorum,
1924 5030 1962 5089 at
1982 5019 2113 5092 tatem
2134 5027 2196 5096 ad·

496 5103 621 5177 Psaim.
636 5099 766 5175 xxix.
815 5104 1002 5196 Didiumest
1017 5107 1056 5175 ab
1075 5106 1324 5202 apmloloetiaen
1364 5129 1513 5187 voratum
1528 5116 1712 5214 Christum,
1728 5108 1834 5214 'mam
1839 5140 1961 5213 ponere
1970 5116 2012 5214 se
2019 5133 2087 5214 pr'o
2101 5124 2196 5197 Cleri·

488 5202 561 5300 post
575 5199 831 5293 resurredlionem
841 5203 974 5278 Domini
989 5204 1167 5300 nostrilesu
1181 5208 1333 5305 Christi,
1355 5213 1410 5311 βο
1442 5219 1645 5288 aduocatum.
1706 5217 1840 5293 Confer
1875 5214 1977 5291 tradi.
2013 5218 2129 5294 xxti.
2159 5226 2198 5299 in

447 5394 454 5405 ι
494 5307 550 5402 qui
563 5302 655 5399 sedet
675 5306 719 5385 ad
739 5300 888 5378 deutra'm
905 5307 1005 5419 Dei,
1037 5309 1093 5404 qui
1111 5309 1209 5381 etiam
1225 5315 1324 5383 inter·
1365 5308 2027 5407 Jon.ser.1.v.deverb;1toma
2043 5323 2199 5399 Ans'bel·

1933 5458 1936 5465 ’
2092 5446 2198 5504 mum
