4934 6392
412 670 467 760 ,ο
599 776 604 783 ¹
836 618 1660 738 eocnsxitv11.cm.v1u.soct.tu.
1769 674 1771 679 J

334 876 337 881 ¹
413 845 538 918 eiecerit
556 843 662 932 fores.
715 818 863 916 leheim.
879 844 943 916 Vl.
962 863 1018 937 37.
1035 850 1100 919 &e
1126 843 1162 915 in
1182 838 1232 915 la·
1273 840 1397 937 spem,
1425 843 1634 926 caritatem,
1662 835 2008 928 mansuetudinem,
2036 858 2095 934 pa·

411 943 563 1017 boribus
579 953 611 1017 &
630 942 808 1038 operibus.
820 942 1023 1015 ianitorum
1039 932 1231 1038 agnoscen·
1271 944 1434 1036 tiemiam
1456 950 1489 1014 &
1514 939 1674 1032 reliquas
1704 934 1916 1029 studiorum·
1938 939 2092 1013 virtutes

359 1116 367 1123 ,
413 1046 458 1117 da
480 1043 657 1114 mirabilis
688 1045 754 1115 Dei
772 1045 963 1139 gubernatio
998 1042 1046 1116 if
1073 1043 1231 1136 dispenfir-
1271 1062 1337 1135 pro
1367 1043 1476 1113 modo
1506 1062 1546 1110 ac
1571 1035 1867 1137 modulo-nestrae
1892 1038 2093 1121 vocationis

411 1146 482 1227 tio,
509 1164 551 1213 ac
571 1142 831 1225 πολυποίκιλος
849 1143 926 1233 eius
935 1142 1103 1235 senpientiu
1119 1143 1155 1213 in
1174 1164 1229 1212 ec·
1270 1135 1756 1228 imitemut.chr.XI11.7.
1782 1141 1982 1209 ntenenun
1996 1162 2092 1230 pros·

237 1202 241 1207 ›
311 1244 315 1249 ’
410 1239 1083 1336 εῖεῖιᾶεοηῖεονοοᾶοδιςζυῖοοοηᾶοοάἃ,
1103 1238 1227 1333 Ephes.
1267 1241 1445 1335 postorum
1459 1236 1636 1322 vesirorueu
1653 1238 1708 1330 qui
1726 1239 1811 1307 uoltis
1823 1237 2009 1323 incurissent
2026 1262 2093 1309 utr-
2108 1240 2116 1307 '.

377 1336 381 1340 ⁵
406 1340 472 1415 ill..
491 1362 546 1415 10.
568 1342 605 1411 in
620 1330 894 1427 afflislionibsm,
919 1338 1226 1433 persecutionibus
1270 1341 1346 1407 ouen
1368 1340 1530 1423 Domini,
1552 1358 1690 1431 quorum
1705 1338 1861 1408 intuentes
1875 1340 2000 1406 exitum
2022 1362 2092 1409 tort·

413 1445 448 1511 δι
475 1441 656 1534 martyriis
693 1437 896 1512 sannorum
930 1438 1154 1534 agnoscenda
1182 1436 1229 1509 est
1270 1436 1459 1530 oeefistionis
1484 1437 1652 1506 imitemini
1668 1432 1785 1528 Jislem.
1823 1439 1911 1508 Phil.
1943 1436 2005 1507 Ill.
2040 1459 2091 1529 ¹7·

409 1537 478 1609 Dei
497 1541 671 1631 potentie,
697 1560 777 1632 quae
797 1541 832 1607 in
853 1540 1016 1607 hominum
1040 1534 1229 1631 infirmitate
1270 1539 1460 1608 imitatores
1484 1538 1543 1605 mei
1564 1534 1658 1625 estote
1672 1535 1835 1629 fratres,
1863 1534 1909 1609 Ψ
1929 1536 2116 1626 observate

396 1635 598 1730 perficitur,
626 1656 660 1713 2.
681 1634 840 1708 Corinth.
855 1634 933 1707 XII.
951 1660 987 1728 9.
1014 1637 1229 1728 cumprimis
1271 1659 1353 1724 ees,
1376 1639 1493 1733 quiite
1507 1635 1697 1725 unibuluut,
1712 1635 1799 1731 seut
1813 1636 2091 1727 iubetitsurnean

409 1737 674 1808 veroduiseinne
690 1734 834 1830 ueruto,
863 1757 975 1828 quam
989 1734 1229 1829 ptaedicarunt
1270 1756 1342 1810 nos.
1373 1738 1502 1807 1.l’ett.
1520 1733 1580 1805 Ill.
1601 1739 1634 1811 6,.
1661 1734 2089 1825 Sueuolrediebutelbeastue,

410 1856 452 1907 ac
468 1835 607 1930 professe
621 1835 724 1919 sunt,
750 1832 1101 1927 confirmatio-quippe
1117 1852 1228 1925 quam
1271 1835 1452 1907 Dominum
1479 1856 1551 1902 eum
1573 1839 1693 1919 botuns
1709 1880 1721 1918 ,
1747 1836 1837 1904 euius
1852 1833 1921 1928 eliis
1931 1835 2030 1927 filiae
2046 1839 2091 1914 bu

409 1948 482 2004 non
506 1934 700 2007 dubitarint
725 1933 791 2004 suo.
815 1930 987 2028 sanguine
1014 1930 1226 2026 obligante,
1267 1933 1480 2029 nesneientet,
1496 1929 1584 2007 &rs
1608 1929 1752 2003 -Confer
1768 1936 2017 2006 Romanorum
2036 1954 2088 2007 ca·
2115 2018 2116 2025 ἵ

406 2052 483 2127 quo
506 2030 667 2126 respedtu
688 2029 892 2105 sandiorum
918 2033 1149 2105 mortetenus
1175 2030 1233 2125 dig¹
1267 2033 1354 2126 pitis
1377 2032 1522 2126 quarti,
1549 2029 1640 2103 vers.
1667 2032 1934 2104 duodecimum.
1961 2034 2087 2105 Primae

409 2131 504 2202 citur
512 2129 694 2228 glorificari
701 2180 713 2217 ,
727 2130 979 2199 lohann.XXl.
1000 2151 1054 2219 19.
1077 2130 1113 2199 in
1127 2148 1226 2199 aeter-
1268 2128 1569 2218 Corinthiorum,
1598 2131 1722 2223 capitis
1740 2132 1890 2225 quarti,
1914 2130 2007 2203 vers.
2028 2135 2085 2205 de-

407 2250 454 2300 na
473 2227 677 2302 sandorum
702 2228 921 2298 beatitudine
948 2228 1124 2324 &gloria
1141 2248 1225 2297 con·
1269 2230 1407 2301 cimum
1425 2229 1575 2300 sextum.
1604 2227 1738 2322 Capitis
1759 2230 1969 2326 undecimi,
1995 2228 2085 2304 vers.

405 2324 553 2421 spicitur
573 2332 641 2401 Dei
661 2325 790 2424 iussitire.
819 2344 855 2400 2.
872 2323 989 2397 Thess.
1014 2328 1040 2397 l.
1069 2349 1101 2419 5.
1129 2329 1226 2420 Quod
1263 2328 1439 2422 primum.
1492 2326 1619 2398 PrIma‘e
1638 2322 2003 2419 Tellalonicenstum,
2031 2351 2085 2403 ca·

408 2422 684 2524 irou‘uhlioisiuees
707 2428 811 2521 operis
834 2424 880 2498 tr
902 2425 1100 2511 niieiie'onis,
1125 2448 1223 2520 quum
1264 2427 1349 2521 pitis
1368 2428 1480 2523 primi
1500 2424 1590 2498 vers.
1613 2423 1763 2498 sextum.
1813 2425 2084 2502 Secundae-Tes-

384 2522 889 2623 ³ostutderuntstmsii,-Hebr.
912 2525 973 2596 Vl.
996 2518 1052 2597 1'0.
1078 2524 1146 2594 Dei
1165 2526 1224 2593 eni·
1264 2523 1501 2618 salon.·=111.·9.
1555 2528 1681 2597 Primae
1699 2526 1799 2597 Tim.
1814 2526 1876 2597 IV.
1902 2550 1958 2601 12.
1986 2526 2081 2600 Hei.

395 2626 629 2719 firinordiaoc
649 2630 795 2711 bonitus,
821 2627 906 2720 quod
922 2623 1222 2719 toronensiustite'oe
1262 2622 1325 2695 VI.
1354 2642 1409 2698 12.
1447 2630 1539 2698 hanc
1565 2625 1816 2696 imitationem
1830 2627 2012 2720 pertinere
2040 2628 2083 2699 ad

404 2724 581 2823 tribuatse
609 2728 820 2823 diligentibus.
847 2739 883 2796 2.
899 2723 998 2815 Tim.
1020 2722 1082 2795 lV.
1110 2743 1145 2815 7.
1174 2722 1221 2801 se'
1259 2724 1420 2890 pluriam
1446 2722 1649 2795 sanderum
1679 2714 1862 2821 colligitur
1884 2747 1930 2795 ex
1954 2727 2089 2822 Philip..

285 2826 292 2835 '
396 2838 464 2914 pro
479 2836 698 2893 momentaneo
708 2823 814 2892 ucieoi
823 2822 1042 2891 tribulationis
1055 2832 1220 2894 aeternum
1252 2904 1254 2909 Ι
1278 2820 1304 2891 I.
1323 2842 1380 2913 15.
1405 2823 1516 2894 lucetis
1529 2826 1563 2893 in
1579 2826 1677 2893 medio
1699 2826 1841 2894 metonis
1854 2847 1983 2917 pravos
1992 2828 2082 2922 ficut

256 2910 261 2914 ’
394 2922 528 3011 pondus
550 2920 678 3019 glorior
698 2923 890 3004 retribuat,
915 2936 952 2993 2.
969 2919 1049 2992 Cor.
1077 2920 1141 2995 IV.
1162 2941 1218 3015 17.
1258 2918 1460 3008 luminario,
1488 2947 1523 2993 ν.
1548 2926 1603 2994 16.
1628 2924 1761 2992 neroum
1781 2926 1868 2994 vitoe
1883 2927 2079 3017 continentes

263 3010 268 3015 ’
400 3020 471 3090 Dei
486 3023 639 3107 ueritus,
665 3022 764 3114 quod
785 3013 992 3113 promissam
1012 3018 1217 3092 retributio·
1258 3020 1455 3116 neigsoeiom
1470 3046 1574 3092 meuse
1598 3024 1632 3090 ies
1653 3024 1703 3091 die
1728 3021 1846 3116 Christi
1860 3021 1933 3095 &n
1985 3023 2076 3096 Bast-

398 3138 484 3186 nem
500 3119 691 3214 largissime
713 3118 891 3201 conferat,
919 3123 984 3187 dcc.
1009 3134 1042 3191 2.
1058 3114 1173 3189 Thess.
1188 3119 1214 3189 l.
1258 3116 1329 3188 lius
1353 3116 1514 3191 sermone
1527 3122 1562 3191 in
1578 3119 1756 3192 Gordium
1768 3120 1995 3218 Martytem:
2028 3126 2098 3219 Ut¹

290 3217 294 3235 ²
402 3234 459 3286 10.
478 3240 549 3286 runt
564 3219 684 3286 uenerit
699 3212 844 3311 Christus
858 3213 1035 3311 glorificari
1051 3217 1216 3309 inflandis
1256 3216 1377 3313 exigue
1392 3220 2074 3322 naturaiitersuunesprestoeexueguee·
2104 3263 2113 3275 -

388 3312 475 3409 feeit.
527 3314 751 3413 Augustinus
778 3313 842 3387 lib.
876 3314 936 3382 III.
972 3328 1093 3387 contra
1125 3317 1213 3389 dua's
1254 3325 1426 3411 toquoque
1442 3316 1837 3415 pruejlentidfiuuditur
1863 3325 1968 3394 odor:
1983 3324 2073 3421 fite

251 3488 268 3497 „
397 3409 640 3508 Epist.ee1ag.
664 3435 739 3506 cap.
766 3423 800 3492 8.
831 3413 952 3485 Omnes
962 3414 1073 3507 seruili
1083 3415 1156 3513 siue
1173 3419 1213 3485 nb
1232 3429 1235 3432 ’
1244 3411 1954 3517 sentiarumtoutmetuorestiouegestorttmud
1965 3447 2072 3497 omues

395 3513 449 3581 iilo
467 3514 604 3607 antiquo
623 3510 705 3582 Auel
725 3534 825 3606 usque
843 3514 888 3581 ud
900 3508 1075 3583 Iohannem
1092 3518 1211 3606 Bnpti-
1247 3517 1400 3604 prouemt
1412 3519 1547 3589 utiliter.
1573 3518 1674 3614 Idem
1687 3519 1811 3590 homil.
1820 3520 1862 3590 in
1872 3520 1953 3591 XL.
1967 3520 2069 3594 Mar.

384 3609 471 3708 statu
480 3660 492 3706 t
505 3612 579 3707 flue
595 3614 634 3681 alt
653 3612 725 3706 ipsst
738 3608 883 3704 apostolis
894 3624 995 3707 usque
1009 3617 1053 3681 od
1064 3608 1119 3684 stoc
1134 3611 1212 3684 tene·
1252 3629 1346 3703 tyres
1363 3637 1372 3683 ε
1399 3616 1434 3685 Is
1451 3620 1507 3711 qui
1523 3616 1693 3711 pennosos
1711 3620 1797 3688 uiros
1811 3643 1920 3688 umore
1935 3624 2069 3714 comple.

388 3735 481 3805 pus,
504 3708 552 3782 EX
567 3713 713 3802 deinceps
734 3700 834 3804 orphe
858 3713 900 3780 usi
913 3713 1208 3807 terminumseeuli,
1251 3708 1352 3780 iiiior
1366 3715 1400 3781 in
1412 3717 1796 3811 finilibmrempotibus,
1824 3719 2006 3801 imitatione
2021 3726 2067 3792 in-

392 3812 426 3880 iu
446 3811 588 3881 Donniuo
605 3802 851 3903 leuduitdisitnt
864 3834 928 3880 nou
941 3811 974 3893 iu
983 3810 1115 3906 scipulis,
1132 3816 1210 3907 quin
1238 3808 1349 3902 serior
1363 3835 1427 3882 nou
1441 3819 1517 3904 eris..
1563 3817 1824 3913 Luuduingeuue
1837 3839 1909 3888 etten
1919 3824 2068 3914 petimur.

391 3906 441 3980 ἐφ’
462 3906 588 3977 illorum
603 3910 803 3979 anteriorum
817 3933 880 4005 vox
896 3906 949 4002 est.
996 3914 1040 3982 In
1063 3912 1207 3981 Domino
1247 3910 1370 4002 tyrium
1385 3915 1525 4004 pertenit
1548 3930 1566 4001 ,'
1585 3934 1648 4011 pero
1665 3916 1738 4008 fiet.
1752 3914 1881 4014 mbrsyt
1902 3923 2069 3994 voluntale

390 4008 563 4079 laetabitur
581 4011 708 4079 unimu-
716 4031 786 4079 mest
800 4006 886 4094 ,df
902 4005 1034 4101 ijsorunt
1054 4009 1206 4107 pressorio·
1246 4005 1295 4079 ff
1306 4013 1434 4081 decedes
1446 4015 1528 4099 citro
1542 4014 1791 4106 persecutionem
1807 4004 2065 4116 ,citru'iguenu

390 4130 466 4176 rum
481 4130 543 4176 oux
557 4104 606 4198 est.
657 4107 779 4189 Gratia
801 4108 868 4178 Dei
879 4107 992 4199 strenus
1009 4110 1044 4178 id
1056 4110 1206 4203 quodfer.
1244 4108 1327 4175 ebro
1334 4109 1495 4204 flogella,
1521 4118 1628 4183 eudetu
1647 4137 1717 4183 cusu
1731 4116 1785 4185 illo
1797 4121 1935 4187 mercede
1946 4122 2069 4218 ingessu

388 4229 470 4277 mut.
519 4205 694 4277 Alterum·
711 4205 851 4300 respicit
862 4205 1025 4300 steresios,
1049 4227 1090 4279 ut
1110 4209 1204 4281 dona
1235 4204 1354 4299 susim
1371 4208 1448 4281 &n
1500 4214 1572 4286 Hoc
1594 4212 1635 4304 esi
1653 4227 1834 4311 martyrum
1860 4224 2065 4308 eeuomiuut,

389 4304 458 4376 Dei
472 4325 678 4376 reverenter
692 4305 752 4377 ini
782 4305 821 4377 fis
841 4303 1079 4399 agnoscantur
1096 4309 1202 4377 &de-
1242 4305 1424 4377 exhortatio
1437 4313 1591 4381 nimirum
1610 4302 1880 4410 congregatorum
1898 4322 1943 4384 ud
1957 4321 2065 4388 virtu·

388 4400 473 4474 bitis
490 4405 607 4474 modis
626 4404 737 4498 ampli
766 4423 914 4473 centur:
941 4404 1028 4496 quin
1047 4402 1201 4477 &sensis
1241 4415 1315 4473 tem.
1370 4406 1635 4503 chrysostomus
1652 4414 1781 4482 homil.
1790 4412 1915 4484 XLIV.
1933 4417 1972 4488 in
1994 4417 2064 4490 Ge-

386 4502 400 4574 i
429 4501 679 4597 silaudemur,
702 4501 799 4593 quod
820 4500 923 4571 donis
948 4501 1019 4574 iilis
1046 4500 1199 4576 fideliter
1241 4502 1311 4575 nes.
1351 4508 1448 4577 Bono
1469 4533 1568 4603 opero
1595 4515 1720 4607 agendo
1746 4515 1934 4583 memorium
1958 4516 2063 4612 nostri

235 4666 240 4676 ,
324 4618 327 4623 ·
403 4600 654 4673 uerint'ust‘ad
679 4598 791 4668 divini
816 4599 974 4672 meminit
994 4602 1199 4696 gloriam&
1238 4604 1481 4697 relinquemus,
1507 4621 1633 4679 utrem
1648 4610 2060 4709 suuemigruoerinsur,oi.

362 4698 534 4783 ,ecclestae
563 4699 711 4770 salutem
736 4703 769 4766 δι
796 4695 1097 4798 aedistcationem,
1123 4706 1197 4794 quo
1239 4711 1291 4769 tae
1308 4703 1588 4806 uersirueeiiiigens
1610 4708 1658 4783 [θ’
1678 4714 1837 4780 adcurate
1862 4716 2060 4809 tonoerfittio

268 4832 272 4845 ·
381 4795 454 4868 sinc
481 4798 598 4870 David
629 4793 753 4865 Psalm.
786 4794 858 4866 CV.
893 4803 925 4866 &
948 4797 1072 4884 Psalm.
1106 4796 1196 4871 CVI.
1226 4799 1520 4899 stimonimentusu
1538 4806 1928 4898 brementensem,
1953 4817 2059 4910 quiin

238 4924 246 4966 J
381 4896 557 4969 Siracides
586 4891 711 4961 XLIV.
746 4892 853 4964 XLV.
894 4895 1019 4967 XLVI.
1054 4896 1194 4968 XLVII.
1238 4896 1462 4994 nosjpeiiunt.
1514 4896 1710 5002 Exquibus
1721 4906 1890 4989 omnibus
1905 4913 2057 4987 manife-

382 4994 540 5066 XLVlll.
553 4989 676 5066 XLIX.
693 4994 777 5062 &L
804 4992 1003 5088 Stephanus
1023 4994 1195 5069 Anuli.
1238 4997 1324 5071 siam
1356 5001 1428 5089 cst,
1457 5027 1530 5076 non
1561 5007 1732 5102 denegari
1761 5007 1909 5082 anobis
1927 5008 2055 5086 sannis

376 5093 509 5165 Paulus
539 5086 650 5158 Heht.
679 5090 739 5159 Xl.
773 5092 959 5186 prolixum
991 5090 1194 5167 soniiotum
1234 5100 1295 5170 vel
1319 5102 1525 5191 viventibus
1557 5106 1616 5175 vel
1638 5094 1817 5196 defundit
1843 5108 2049 5200 honorem,

307 5210 309 5214 ’
371 5185 536 5260 nettest.
561 5187 763 5285 catalogum
784 5188 975 5287 recensent.
1025 5192 1193 5266 Tertium
1236 5202 1368 5293 quemi
1396 5201 1617 5298 sascriptura
1635 5201 2052 5297 esttribuitacttibuen·

374 5284 517 5380 respicit
533 5309 594 5361 sset
612 5286 695 5385 ipsos
711 5335 723 5380 ,
740 5309 790 5364 *ut
809 5285 1030 5382 dositinam,
1058 5289 1191 5385 sidem,
1233 5299 1323 5377 dum
1339 5224 1404 5374 elie
1414 5298 1587 5393 ostendit,
1598 5303 1752 5399 proinde
1767 5302 1877 5411 etiem
1892 5326 1968 5378 nun
1981 5304 2050 5381 esse

710 5437 713 5441 .
1716 5447 1723 5459 .
1819 5444 1823 5455 .
1900 5428 1907 5437 ·
1953 5427 2051 5502 quae.
