4934 6392
444 636 553 761 2a4'
723 658 727 665 ’
1017 659 1503 797 svrrtaurntrum
1566 678 1598 689 ·’
1660 676 1712 791 :5³
1783 726 1787 745 .
1893 654 1897 661 ’

454 866 579 929 turos,
603 838 697 918 unde
713 844 842 918 mundi
853 834 1250 941 corporeidivino'rum·
1291 848 1360 921 fata
1383 848 1581 943 adligatum
1599 843 1884 919 censeamus-Et
1902 841 1999 939 quis'
2012 862 2100 939 con·¹

414 966 524 1039 ·¹que
543 962 693 1038 operum
712 946 972 1035 imaginesfibi
987 946 1175 1032 forment,
1216 957 1250 1023 &
1291 948 1430 1032 tendat,
1469 945 1652 1032 futurum,
1688 949 1744 1016 cui
1771 963 2093 1036 nunc-eptamur,

452 1065 613 1138 apertam
637 1043 704 1112 Dei
727 1044 889 1113 notitiam
915 1046 1183 1138 nanciscantur3
1204 1070 1250 1135 a·
1291 1042 1417 1117 statum
1441 1044 1655 1115 ita-differre
1675 1066 1697 1114 a
1716 1044 1900 1137 presenti,
1927 1043 2099 1111 uthomo-

448 1142 572 1213 dniros
600 1163 721 1211 autem
738 1142 773 1209 in
803 1146 844 1210 eo
873 1145 1090 1237 cognitionis
1104 1148 1249 1239 gradu,
1294 1145 1444 1229 materia
1466 1141 1557 1213 socia
1585 1163 1693 1234 porro
1723 1164 1793 1213 non
1818 1140 1947 1213 habeat
1973 1134 2095 1232 opus?

440 1258 565 1334 ‘quem
580 1240 616 1310 in
638 1242 703 1309 hac
720 1239 792 1309 vita
805 1235 958 1312 adsecuti
971 1241 1070 1326 sunt,
1094 1242 1255 1334 perstitu-
1297 1240 1391 1335 quast
1403 1239 1512 1325 sines,
1541 1261 1688 1334 propter
1704 1262 1793 1333 quos
1811 1236 2029 1333 corporibus
2046 1233 2099 1308 soa

454 1361 537 1422 ros,
564 1361 629 1426 nee
645 1335 1254 1434 niiiratiocinandoingeneraiibus
1297 1341 1404 1427 ciari,
1431 1360 1584 1431 cumque
1605 1336 1830 1433 adspeffiabili
1854 1337 1998 1409 mundo
2015 1354 2097 1407 con·

425 1458 579 1519 ,rerum
615 1432 820 1508 notionibus
840 1440 1061 1529 versaturos3
1103 1440 1142 1511 id
1156 1439 1255 1533 quod
1296 1432 1931 1527 nesiinosuoluitdivinasapientia,
1958 1434 2099 1506 inhane

455 1533 593 1606 abiitab
611 1532 1018 1627 hominisperfeciione3
1048 1535 1255 1630 sapientiam
1297 1532 1524 1609 solummodo
1536 1537 1645 1607 vitam
1662 1530 1909 1608 essentinclusi.
1936 1533 2114 1625 Sed-per·¹

359 1655 367 1664 ·
457 1635 577 1725 itaquo
598 1633 759 1717 divinam
772 1629 940 1725 poscere,
967 1654 1004 1704 ut
1018 1636 1126 1706 homo
1141 1637 1178 1705 in
1192 1633 1254 1705 sia·
1295 1634 1501 1729 petuitatem
1517 1631 2098 1704 machinaecumanimaconiun·

456 1753 494 1803 tu
521 1730 733 1824 perfesiioni
755 1728 820 1799 suae
852 1733 1029 1802 contrario
1053 1754 1255 1827 numquam
1298 1729 1441 1827 iiaeipsa
1459 1753 1605 1826 quoque
1620 1733 1790 1803 eiusinitia
1809 1729 2100 1807 indicareviden·

456 1832 582 1913 vivat,
610 1827 666 1899 sud
696 1827 825 1898 divinae
850 1827 1038 1901 maiestatis
1073 1831 1256 1925 specuium
1297 1850 1366 1903 tur.
1416 1831 1512 1903 Nam
1539 1852 1583 1900 ex
1598 1834 1777 1911 Laurum
1790 1827 1960 1900 sententia
1979 1830 2100 1900 nonin

344 1938 354 1953 '
457 1930 672 2019 notitiaque
691 1926 733 1996 de
757 1929 890 1996 mundo
917 1951 1089 2022 corporeo
1109 1950 1255 2022 promu-
1297 1931 1456 2001 humana
1489 1930 1636 2000 demum
1665 1928 1914 2024 procreatione
1949 1926 2097 1997 existere
2128 1932 2142 1963 “’

457 2027 581 2098 vcndae
592 2024 768 2095 auxilium
780 2022 945 2097 constans·
953 2028 989 2097 in
999 2047 1080 2121 typo
1097 2028 1257 2121 quodam
1298 2028 1447 2122 incipit,
1487 2026 1545 2100 sed
1565 2045 1668 2097 antea
1687 2028 1762 2107 ism
1779 2024 1914 2117 adsuit,
1942 2027 1981 2097 in
1995 2019 2098 2101 semia

457 2124 635 2196 materiali
657 2123 816 2194 retincat.
871 2125 1079 2197 Verendum
1099 2128 1256 2218 denique
1298 2118 1404 2199 nibus
1429 2122 1863 2197 suissecundumnaturae
1887 2125 1990 2221 leges
2014 2144 2098 2216 prae·
2140 2154 2143 2253 u

456 2242 608 2317 putant,
650 2244 695 2291 ne
708 2222 823 2293 deleto
840 2221 1001 2293 sensuum
1023 2222 1256 2302 fundamento
1299 2223 1474 2316 formam
1497 2245 1580 2295 cum
1594 2224 1781 2317 generatio
1796 2241 1868 2295 non
1890 2223 1928 2294 sit
1950 2221 2017 2293 nisi
2042 2219 2099 2293 sto-
2140 2260 2143 2375 u

459 2341 631 2413 corporeo
656 2319 833 2413 imagines
862 2323 1018 2394 materias
1039 2321 1182 2415 prorsus
1200 2322 1257 2390 de·
1299 2324 1467 2408 minum,
1497 2342 1575 2415 quoe
1595 2339 1729 2414 corpus
1744 2318 1920 2406 efficiunt,
1947 2321 2099 2413 explica·

459 2421 598 2489 leantur
628 2420 852 2507 exanimo,
893 2418 1154 2513 praesentisque.
1169 2420 1258 2489 adeo
1301 2419 1649 2513 tiuarqueevolurio.
1703 2414 2100 2514 Quemadmodumigi·

459 2514 565 2587 status
585 2516 782 2611 recordatio
802 2519 975 2609 tollatur3
1015 2540 1097 2588 cum
1122 2513 1260 2587 nonnisi
1300 2540 1360 2592 tur
1373 2517 1513 2591 animal
1526 2536 1624 2602 tum,
1653 2540 1736 2589 cum
1751 2516 1931 2604 nascriur,
1959 2536 2035 2586 non
2051 2518 2099 2586 in·

459 2618 712 2700 mediocrium,
752 2638 823 2708 quo
837 2617 996 2710 primum
1011 2615 1258 2687 fuerint-exci-
1300 2618 1386 2712 cipit
1398 2617 1545 2701 vivere,
1570 2615 1839 2709 sed-explicari,
1873 2615 2098 2709 craiioriqoo

460 2734 539 2785 terte
562 2713 740 2807 imagines
769 2735 893 2785 rerum
908 2712 1059 2787 sensibus
1077 2715 1165 2804 olim
1180 2730 1259 2807 per·
1300 2724 1334 2791 ee
1353 2710 1588 2809 adspesirbili
1612 2714 1874 2807 integumento¹
1890 2717 2015 2804 indui;
2053 2713 2098 2782 ita

461 2830 669 2905 ceptorum,
704 2814 867 2884 revocari
883 2811 1018 2906 possint.
1068 2812 1154 2882 Haec
1170 2811 1261 2891 obii·
1301 2816 1467 2893 inmune
1477 2830 1548 2887 uon
1563 2811 1711 2883 interire
1721 2809 2099 2901 sumendum-sedin·

460 2913 521 2981 vio
539 2909 714 3004 quoniam
730 2908 857 2981 futurae
883 2912 965 2981 vitae
984 2910 1181 2982 conditioni
1201 2909 1261 2980 ad·
1301 2911 1401 2984 volvi
1411 2909 1622 2983 acconrrthi
1639 2956 1651 2994 ,
1679 2910 1789 3004 inque
1804 2908 1916 2981 aliurn
1933 2913 2016 2980 vite
2041 2905 2099 2979 sie·

459 3008 642 3095 versetur,
676 3015 979 3103 poenarumque&
997 3010 1229 3102 proemiorum
1248 3053 1260 3093 ‚
1302 3008 1555 3094 tumtransrre,
1581 3006 1694 3078 iiiaesn
1704 3009 1832 3101 primis
1849 3010 2025 3091 machine
2043 3003 2100 3076 sta·

463 3107 634 3203 quaepost
656 3128 810 3178 mortem
839 3104 1039 3201 exspedtarn
1067 3106 1261 3192 homines,
1302 3106 1486 3193 minibus,
1524 3125 1602 3198 quae
1625 3128 1691 3199 pro
1711 3105 1832 3177 sutura
1855 3107 2007 3199 quidem
2023 3102 2101 3177 con·

413 3252 418 3262 ‚
462 3204 872 3300 rationem'infringat,
924 3204 1114 3297 siquidem
1134 3205 1171 3273 in
1192 3222 1263 3285 eo,
1305 3207 1440 3279 ditione
1465 3206 1655 3283 commode
1674 3225 1795 3277 carere
1810 3224 1979 3298 poterunt
2003 3205 2100 3293 invu-

465 3301 797 3397 quivitaeanteac‘iae
813 3302 989 3374 memoria
1009 3322 1131 3387 caret,
1158 3298 1264 3392 seque
1304 3304 1414 3376 lucris
1431 3301 1648 3377 adventitiis.
1697 3302 1791 3389 Quid
1815 3307 1912 3375 enim
1932 3301 2102 3389 verifimi·

464 3402 645 3493 eumdem,
669 3396 1266 3495 quisuit,essenuncogn'oscitdlex
1306 3405 1405 3488 lius,
1444 3424 1555 3494 quam
1577 3397 1840 3473 aiteramistam
1865 3399 1972 3472 siatus
1996 3397 2102 3474 nostri
2141 3390 2142 3415 ¹

462 3496 1266 3593 talionisnihileffici13sequi,utmachinaani·
1306 3501 1562 3584 mutationem,
1591 3520 1661 3591 qua
1681 3500 1755 3570 vita
1774 3500 1935 3593 privari,
1957 3518 2102 3593 corpus·
2141 3532 2142 3575 ς

466 3619 534 3669 mae
544 3597 725 3681 subtilior,
739 3584 970 3667 necessarium
980 3597 1068 3667 illud
1081 3595 1266 3667 memoriae
1307 3622 1376 3692 que
1387 3601 1565 3692 deponere
1576 3598 1745 3667 videmur
1758 3645 1769 3682 ,
1784 3596 1997 3690 respondere
2008 3598 2101 3690 prio·

463 3693 643 3780 fulcrum,
659 3691 864 3786 sartaatque
877 3694 1070 3767 incolumis
1087 3712 1240 3766 maneat.
1307 3698 1338 3768 ri
1351 3696 1429 3781 ilii,
1469 3717 1539 3788 qua
1560 3698 1670 3764 vitam
1697 3714 1923 3790 corpusque,
1951 3696 2103 3765 elomen-

649 3847 652 3852 .
786 3801 818 3877 §.
858 3791 951 3869 Xlll.
1126 3848 1129 3855 .
1308 3795 1353 3869 tis
1368 3792 1437 3867 suis
1453 3798 1525 3865 iam
1552 3793 1794 3885 implicitum,
1826 3794 1995 3863 videmur
2018 3792 2103 3865 acci·

510 3890 649 3971 „Porro
666 3910 712 3961 ex
732 3896 1093 3984 proportionererum,
1118 3888 1265 3986 casuum·
1307 3911 1404 3987 perc.
1447 3890 1634 3962 Postremo
1660 3892 1822 3986 perpetui
1842 3891 1940 3962 illius
1965 3886 2104 3985 corpus·

465 4012 527 4084 pue
538 3989 691 4085 sterilium
708 3994 944 4082 comparatione
965 3988 1187 4084 ingeniosam
1203 4011 1265 4061 ne·
1308 3992 1379 4061 culi
1397 3989 1598 4061 defensores
1616 4006 1806 4073 naturam,
1841 3991 2104 4083 transformatio·

466 4086 564 4159 siunt
594 4091 955 4180 argumentationem.
1007 4090 1167 4171 Annon,
1210 4088 1264 4157 in·
1305 4112 1383 4163 num
1409 4106 1625 4177 amantem,
1664 4088 1701 4156 in
1725 4109 1843 4180 partes
1861 4085 1939 4159 suas
1963 4107 2103 4160 vocant.

466 4184 616 4279 quiunt,
641 4190 750 4257 humo
768 4189 912 4281 aprima
932 4187 1014 4257 inde
1033 4184 1173 4279 origine
1184 4205 1267 4253 cum
1290 4189 1412 4275 -Quod
1438 4184 1537 4257 enim'
1556 4185 1636 4257 aliis
1658 4184 1925 4269 animantibus,
1966 4208 2006 4257 ut
2023 4182 2105 4258 inse·

464 4283 637 4370 materia,
654 4304 764 4376 quam
779 4285 950 4356 insorrnat
966 4332 977 4371 ,
992 4262 1277 4354 areiisirmovffl·
1309 4285 1451 4359 tiorum
1467 4283 1634 4377 plurimis
1650 4284 1805 4368 accidat,
1833 4303 1869 4352 ut
1882 4285 2104 4378 aliamatque

465 4384 545 4453 culo
569 4403 752 4453 connexus
775 4381 851 4454 est?
877 4384 1032 4467 Annon,
1070 4380 1268 4473 quampri·
1308 4384 1415 4457 aliam
1430 4381 1674 4453 nanciscantur
1689 4380 1863 4473 speciem,
1893 4383 2108 4477 aliumquo·

468 4501 571 4559 mum
584 4480 743 4574 cogitare
753 4482 898 4576 incipit,
923 4480 1079 4553 materiae
1088 4478 1270 4573 imagines
1312 4505 1381 4576 que
1396 4483 1477 4551 vite
1493 4479 1682 4564 habitum,
1721 4480 1802 4549 vitae
1820 4480 2002 4579 principio
2015 4483 2108 4553 inco·

468 4576 532 4672 ipsi
559 4578 845 4671 imprimuntur,
886 4580 1076 4671 omnisque
1107 4577 1185 4647 eius
1214 4597 1271 4647 co·
1311 4582 1604 4667 lumimanente3
1631 4577 1666 4647 id
1681 4577 1724 4649 ab
1735 4578 1894 4650 hominis
1911 4599 2041 4651 natura·
2052 4599 2109 4648 ne·

473 4677 589 4769 gnitio
610 4674 771 4749 sensuum
787 4676 847 4747 usu
867 4674 1050 4769 perficitur
1072 4672 1270 4745 acfinitur?
1313 4700 1399 4779 gant
1418 4678 1576 4749 alienum
1596 4671 1689 4766 esie3
1724 4679 1905 4763 maxime,
1933 4698 2017 4749 cum
2040 4676 2107 4771 pri·

470 4776 603 4844 Annon
625 4774 663 4842 in
687 4794 903 4867 quocunque
927 4775 1008 4845 vitae
1030 4770 1117 4843 statu
1142 4773 1272 4844 comite
1315 4796 1459 4849 morum
1489 4773 1653 4866 corporis
1681 4774 1889 4869 germinum
1923 4777 2108 4859 evolutio,

475 4873 587 4943 utitur
611 4890 795 4965 corpore,
832 4893 902 4962 quo
930 4871 999 4943 sine
1026 4891 1093 4942 nec
1123 4871 1275 4963 percipit
1315 4897 1394 4968 quae
1406 4872 1443 4944 fit
1458 4874 1493 4943 in
1505 4889 1586 4942 ortu
1602 4873 1780 4956 hominis,
1807 4871 2109 4968 adsuspicandum

475 4970 698 5063 quidquam,
723 4971 897 5066 necagir,
923 4964 1148 5063 neopatitur?
1165 4968 1274 5055 Quid·
1316 4976 1439 5059 ducat,
1467 4966 1872 5064 aliossuperesiestatus,
1900 4972 2110 5065 quibusma·

471 5069 511 5162 ni
526 5067 665 5161 igitur,
692 5065 714 5137 fi
731 5086 915 5139 terrenum
939 5088 1069 5161 corpus
1087 5067 1274 5155 concidat,
1318 5073 1421 5143 china
1434 5068 1617 5154 subtilior,
1644 5066 1891 5145 destrudiionis
1900 5092 2032 5168 expers
2042 5069 2110 5145 sen·

444 5191 446 5195 ⁴
476 5166 633 5240 materis
645 5163 822 5253 subtiliori
840 5216 851 5255 ,
877 5166 936 5237 cui
952 5163 1275 5260 tanquamsociae&
1318 5168 1384 5257 sim
1398 5167 1595 5264 senfimque
1611 5180 1849 5264 preparetur.-

472 5261 817 5351 ediutriciasiuum
833 5265 981 5343 suorum
995 5260 1276 5361 consuevit,post
1342 5340 1353 5363 .
1408 5350 1413 5359 ,
1453 5332 1455 5341 ,
1490 5340 1493 5345 ⁴
1781 5271 1786 5275 '
1828 5304 1833 5309 -

1925 5382 1928 5386 ·
1979 5362 2113 5457 tauv.

425 5592 520 5616 Α
