4934 6392
474 664 615 815 'ior
885 666 1085 814 ¹i‘iocvs
1111 665 1508 798 xxvii-canvile
1532 683 1769 795 'sednon'

510 908 555 980 do
589 904 687 979 enim
719 902 836 979 cultus
864 903 927 978 soli
946 902 1024 977 Deo
1043 925 1250 998 competens
1277 907 1331 978 rei
1364 906 1559 981 ¹sicentia'm·
1584 926 1681 1002 erga
1716 921 1778 976 eos
1807 899 1974 977 exercete
2010 904 2196 975 convenit.

510 1004 620 1079 alicui
640 1027 765 1079 creatae
795 1025 923 1101 praeter
949 1011 981 1075 δι’
1009 1025 1109 1089 extra
1128 1005 1332 1079 Deumim·
1373 1003 1632 1091 Posterioribus
1664 1023 1737 1075 non
1767 1003 1879 1100 potest
1908 1002 2011 1075 aliter
2042 1002 2196 1090 serviri,

509 1106 709 1201 penditur,
746 1129 819 1178 non
863 1106 1017 1201 emergit
1044 1106 1127 1176 inde
1152 1104 1333 1184 diversum
1375 1129 1486 1202 quam
1513 1128 1578 1202 per
1616 1094 1756 1180 dalrici
1783 1102 2199 1193 caritatismemoricleiii,

511 1205 660 1299 aliquod
686 1207 834 1280 honoris
865 1203 982 1302 'genus
1016 1205 1158 1277 licitum
1182 1227 1224 1276 ac
1256 1206 1332 1278 Deo
1377 1228 1448 1302 qua
1480 1225 1622 1302 gratam
1663 1224 1797 1301 eorum
1828 1205 2045 1274 memoriam
2074 1203 2200 1275 animo

513 1326 689 1401 gratum,
709 1303 772 1379 sed
789 1305 850 1379 sub
868 1304 1076 1376 idololatriae
1092 1304 1239 1376 nomine
1254 1315 1335 1402 gra·
1376 1304 1690 1392 circumferimus,
1719 1305 1856 1399 optima
1879 1322 2031 1397 querque
2056 1303 2101 1373 de
2128 1302 2199 1376 illis

514 1402 648 1475 villime
680 1406 719 1477 in
752 1400 934 1502 seripturis
969 1401 1167 1475 adcusatur.
1210 1404 1335 1476 idolo·
1375 1405 1606 1499 sentimus&¹
1642 1406 1850 1499 loquimur,
1887 1403 2104 1476 virtutes&
2142 1423 2198 1473 res

406 1571 409 1575 ,
454 1516 458 1539 ¹
514 1502 625 1575 latriae
659 1505 758 1593 enim
791 1505 924 1601 duplex
949 1501 996 1575 est
1034 1500 1178 1596 specics.
1227 1505 1333 1588 Una,
1377 1503 1491 1602 gestas
1511 1501 1670 1598 ipsorum
1694 1500 1959 1599 praedicamus,
1986 1521 2096 1596 atque
2121 1501 2199 1573 aliis

457 1684 460 1693 ἢ
515 1607 645 1698 quondo
670 1628 766 1674 verus
790 1612 881 1679 Deus
906 1600 1022 1674 colitur
1045 1603 1274 1689 cornicine,
1299 1604 1335 1674 id
1362 1604 1419 1676 ‘ad
1436 1604 1652 1675 imitandum
1668 1602 1931 1699 porponitnus,
1958 1619 2033 1692 quo
2048 1602 2204 1693 pertinet

503 1700 584 1787 est,
612 1703 712 1774 iuxta
730 1705 881 1791 modum
897 1705 932 1775 in
943 1700 1054 1773 verbo
1077 1699 1347 1798 praescriptum,
1376 1701 1675 1804 illudlluguslini
1692 1701 1774 1774 libr.
1787 1699 1833 1772 X.
1855 1702 1897 1785 de
1914 1697 2160 1794 civ.Dei(eap.
2175 1718 2204 1772 1.

518 1800 642 1888 altera,
658 1807 786 1899 quando
798 1804 1094 1897 dioinecolitorid,
1119 1810 1201 1895 quoi'
1216 1799 1337 1893 nonejl
1376 1806 1411 1873 Si
1440 1807 1665 1885 tantummodo
1698 1803 1802 1872 cultus
1830 1799 1894 1893 ipsc
1924 1802 2094 1889 dicotur,
2144 1818 2206 1889 riou

428 1939 452 1975 .<
496 1898 634 1987 Deus,
658 1924 738 1996 quae
765 1901 937 1999 posterior
968 1901 1183 1973 idololatriae‘
1201 1899 1334 1994 speeies
1366 1903 1431 1998 fiili
1454 1904 1528 1975 Deo
1542 1893 1795 1971 deberibidrttir.
1826 1901 1978 1971 Dicimur
2004 1900 2203 1990 innuerin-

385 1994 389 2005 ’
516 2020 539 2070 a
563 1998 757 2093 pontificiis
778 2001 1036 2085 committitur,
1065 2002 1208 2094 quando
1234 2006 1336 2070 exira
1375 2000 1474 2073 colere
1494 1998 1653 2086 homines,
1681 2025 1759 2097 quos
1785 1994 1960 2084 honorifico
1981 1998 2033 2066 trel
2055 2000 2204 2067 recordo·

405 2124 415 2128 ··
497 2105 553 2205 t&
581 2120 711 2195 praeter
736 2124 861 2172 unum·
881 2121 1009 2176 verum
1028 2098 1148 2170 Deum
1170 2100 1260 2172 alios
1277 2121 1337 2193 pa·
1380 2105 1465 2173 tione
1490 2100 1541 2170 vel
1567 2098 2022 2195 praesentinsreqorntimnis.
2051 2096 2202 2167 Adsum·

519 2218 688 2286 rennos,
709 2197 896 2272 desunsl'os
921 2194 1050 2270 scilicet
1075 2195 1236 2286 sandes,
1254 2197 1340 2269 abs·
1367 2202 1437 2291 ¹tio
1464 2197 1570 2270 habet
1596 2199 1667 2276 duo
1706 2197 1891 2281 membra,
1918 2217 2078 2289 quorum
2103 2195 2203 2290 prius

523 2318 592 2389 que
619 2297 689 2368 Dei
717 2297 828 2371 verbo
858 2305 1072 2392 quaerunt&
1099 2299 1234 2375 cultum
1261 2297 1339 2367 Deo
1382 2299 1430 2373 est
1451 2295 1831 2373 manifcstaeveritatis.
1881 2291 2057 2365 Posterius
2075 2292 2204 2390 proba·

515 2394 685 2469 'debitum
722 2396 813 2492 ipsis.
832 2397 1057 2491 impendunt.
1121 2394 1218 2468 Nam
1247 2386 1341 2472 cele·
1382 2418 1441 2471 tur
1466 2420 1512 2468 ex
1548 2398 1633 2481 eo,
1652 2394 1855 2491 tumquod
1875 2392 2052 2464 memoria
2074 2416 2148 2463 non
2169 2390 2202 2463 sit

458 2536 486 2581 χ
524 2493 716 2597 honorario
748 2493 794 2566 est
818 2503 864 2571 re
892 2483 1020 2570 ilicinis
1041 2491 1209 2595 λατρεία,
1242 2496 1340 2591 quod
1384 2516 1533 2582 eorum,
1559 2496 1603 2569 ad
1628 2519 1720 2591 quos
1747 2494 1938 2591 loquimur
1956 2489 2202 2576 ,sedentum

421 2602 424 2607 ’
525 2593 663 2667 idolum
690 2590 801 2690 petest
833 2591 898 2666 esse
929 2594 989 2664 vel
1027 2614 1129 2664 extra
1159 2590 1217 2666 vel
1240 2599 1342 2667 intra
1384 2600 1427 2669 de
1455 2593 1588 2690 quibus
1613 2595 1823 2689 loquimur,
1849 2592 2203 2667 invocatiovcroeo

523 2692 710 2782 animuin,
737 2713 774 2764 tit
791 2689 940 2764 suoloco
959 2692 1101 2786 plenius
1116 2691 1183 2763 suit
1195 2696 1343 2766 demon·
1384 2718 1489 2782 rum,
1516 2694 1561 2766 ad
1580 2715 1671 2787 quos
1688 2694 1902 2788 loquimur,
1926 2691 2057 2761 nonde
2072 2688 2203 2784 quibus

510 2782 682 2864 'stratum
720 2802 767 2875 p,
792 2793 807 2885 )
837 2790 1073 2867 Sch'roederus,
1105 2812 1228 2875 contra
1256 2815 1344 2888 pon·
1384 2795 1603 2889 loquimur,
1630 2795 1783 2889 proinde
1803 2791 1902 2886 nulla
1924 2791 2110 2861 invocatio
2126 2807 2204 2881 pro·

522 2886 719 2987 tiliciorttm
740 2889 940 2989 effugium,
968 2890 1066 2983 quod
1087 2888 1134 2959 in
1153 2890 1343 2965 dislindiio·
1383 2896 1462 2989 prie
1481 2893 1549 2987 erit
1565 2891 1782 2980 inmortalis,
1801 2896 1885 2962 tum
1911 2889 2010 2983 quod
2034 2886 2203 2982 scriptura

494 3011 571 3060 -ne
603 2992 695 3062 inter
723 2987 886 3093 λατρείαν
922 2997 954 3062 Sc
983 2979 1119 3065 densior
1148 3010 1341 3083 quarunt,
1384 2989 1941 3065 memoriamsandlorumnobis
1962 2988 2201 3073 commendet,

526 3089 639 3160 utitur
655 3091 734 3162 boc
762 3109 976 3186 argumento
993 3090 1045 3169 ,in
1067 3089 1173 3186 apod.
1199 3091 1254 3162 de·
1268 3088 1341 3163 san·
1382 3090 1648 3162 invocationem
1673 3113 1760 3163 vero
1780 3086 1984 3162 sanctorum
2002 3084 2200 3181 prohibeat,

454 3255 455 3264 ,
528 3184 594 3259 riis
624 3190 673 3259 tb.
708 3210 788 3282 104.
814 3196 848 3260 δι
870 3185 939 3280 seq.
960 3188 1063 3275 Quod
1091 3184 1138 3287 est
1166 3187 1340 3260 invisibile
1382 3209 1461 3262 tum
1484 3183 1582 3284 quod
1618 3210 1756 3277 veteres
1788 3207 1990 3282 martyrum
2009 3185 2206 3257 memorias·

431 3282 433 3287 ’
516 3292 563 3357 ἃ
582 3286 620 3357 in
638 3288 750 3359 altera
768 3287 842 3358 vita
864 3284 1111 3372 constitutum,
1131 3309 1210 3359 non
1231 3283 1343 3382 potest
1381 3281 1729 3376 honorificentissime
1746 3286 1949 3371 celebrant,
1976 3286 2127 3355 eosdem
2148 3304 2201 3352 ve·

435 3445 438 3461 ,
526 3384 689 3459 invocari
711 3408 777 3482 per
805 3385 959 3459 caritatis
986 3377 1134 3478 lenaei.
1156 3386 1232 3457 lam
1253 3404 1349 3456 vero·
1381 3410 1421 3458 ro
1454 3400 1490 3459 a‘
1508 3382 1540 3459 se
1569 3388 1731 3459 invocari
1768 3384 1892 3458 diserte
1909 3369 2135 3478 negabant,
2167 3400 2229 3471 ut,¹

528 3481 813 3558 sandiidesunsii
839 3483 915 3556 sunt
936 3482 1183 3558 invisibiles&
1203 3485 1342 3558 inalte·
1383 3484 1517 3582 patebit
1535 3484 1700 3557 inferius.
1752 3484 1831 3576 9.)
1858 3482 1937 3554 Nec
1966 3482 2056 3552 illud
2093 3480 2200 3552 in'di·

438 3630 440 3640 ι
528 3604 569 3654 ra
596 3584 671 3655 vita
685 3581 873 3655 constituti.
924 3584 1020 3677 Ergo
1038 3606 1112 3654 non
1138 3580 1275 3680 possunt
1289 3585 1345 3654 in·
1383 3583 1568 3658 liindiione
1606 3584 1877 3680 pontificiorum
1903 3581 2009 3653 ‘ferri
2056 3576 2228 3677 potesl‚‘'

475 3762 477 3771 p
527 3683 732 3777 voeariper
752 3683 906 3754 caritatis
928 3674 1067 3758 dantiae
1084 3732 1096 3769 ,
1116 3691 1158 3754 ,δι
1201 3706 1239 3754 er
1259 3705 1341 3754 con·
1384 3686 1482 3777 quod
1505 3687 1609 3753 eodem
1625 3690 1732 3773 cultu,
1761 3676 2117 3786 iniplaniiosriliict,
2129 3683 2201 3777 stit·

528 3778 707 3875 sequens,
738 3779 763 3852 si
787 3781 1024 3869 invocantur,
1057 3791 1221 3884 >turpetur
1244 3781 1341 3853 cultu
1382 3782 1466 3853 siam
1478 3781 1733 3872 Christicariieiii
1747 3770 1929 3877 &baram
1941 3778 2203 3875 Deiporctiiipro·

528 3879 756 3952 invocantur.
803 3881 917 3950 Mittor
946 3878 994 3952 est
1015 3880 1211 3953 manifesta.
1264 3882 1341 3949 Mo·
1373 3882 1585 3978 sequentum
1613 3885 1690 3954 eius
1719 3879 2049 3974 enimconsequent
2067 3877 2146 3967 est,
2170 3897 2203 3950 ut

501 3980 579 4065 ¹ior
613 3978 802 4072 probatur,
849 3977 996 4051 ‘Om'nis
1035 3973 1159 4057 densior
1186 3978 1341 4067 caritatis
1384 4002 1446 4053 aut
1483 3978 1600 4053 sanna
1633 3980 1760 4056 Christi
1800 4003 1882 4054 caro
1918 3977 1979 4053 sua
2007 3978 2203 4065 maiestate,

513 4097 594 4168 ‚aut
617 4076 667 4150 est
690 4100 777 4174 erga
803 4075 1000 4174 superstites
1019 4077 1178 4174 finisti,
1200 4099 1260 4149 aut
1282 4100 1344 4147 me·
1386 4101 1498 4175 quain
1522 4101 1588 4175 per
1605 4083 1781 4153 unionem
1801 4078 2026 4177 personalem
2046 4085 2081 4149 δι
2104 4079 2204 4151 eollo·

529 4174 684 4248 marialis.
734 4178 811 4250 lam
833 4196 921 4253 vero
945 4178 1152 4266 invocatio,
1181 4199 1252 4270 qua
1285 4177 1342 4262 id,
1386 4181 1564 4253 cationem
1588 4179 1637 4277 'ad
1655 4178 1725 4261 Dei
1743 4181 1906 4251 dextram
1929 4173 2116 4249 consecuta
2137 4174 2203 4263 est,

534 4276 631 4372 quod
655 4275 701 4348 eil
728 4275 901 4349 invisibile
920 4277 1034 4348 autin
1056 4278 1344 4348 alteravitaron-
1385 4278 1587 4374 spolietur,
1631 4279 1742 4371 inque
1776 4279 2003 4371 reliquarum
2029 4279 2204 4369 ‘'creatura-

486 4380 489 4395 '
531 4376 710 4464 stitutum,
738 4376 887 4461 colitur,
914 4397 979 4445 nec
1001 4374 1048 4445 eli
1078 4397 1165 4472 erga
1187 4371 1346 4468 supersti·
1385 4400 1473 4451 rum
1488 4379 1655 4455 ordinem
1675 4376 1885 4474 redigatur,
1913 4372 2002 4470 quin
2019 4375 2204 4479 &pnel'aria

534 4474 754 4568 testpliciosa,
781 4486 852 4544 nec¹
872 4475 1082 4566 memorialis..
1128 4475 1227 4568 Ergo
1245 4475 1348 4543 invo-
1386 4483 1428 4549 ac
1462 4474 1673 4547 Nestoriana
1709 4472 1905 4546 divulsione
1936 4495 1956 4543 a
1984 4471 2121 4568 λόγῳ,
2154 4472 2204 4545 cui

531 4575 645 4660 catio,
667 4597 738 4668 qua
761 4573 819 4660 id,
847 4574 944 4667 quod
964 4571 1010 4642 est
1039 4572 1213 4646 invisibile
1234 4593 1293 4643 aut
1309 4573 1346 4642 in
1387 4573 1618 4670 personaliter
1646 4574 1747 4646 unita
1765 4572 1833 4659 eli,
1860 4570 2066 4666 separetur,
2092 4594 2153 4644 aut
2171 4582 2206 4643 ut

529 4672 640 4744 altera
661 4677 733 4746 vita
753 4670 999 4760 constitutum,
1027 4674 1178 4756 colitur,
1206 4691 1279 4741 non
1300 4669 1347 4741 eli
1375 4670 1511 4745 'Maria
1528 4696 1675 4767 quoque
1698 4673 1735 4742 in
1752 4671 2059 4767 ipnmdeiiatem
2075 4670 2221 4765 adsum·¹

530 4762 653 4850 lancia
673 4773 848 4846 caritatis:
870 4770 1129 4865 Propositioest
1150 4767 1345 4841 manifesta.
1387 4792 1444 4859 ta,
1473 4773 1583 4865 inque
1619 4775 1791 4843 thronum
1819 4772 1950 4841 dextrae
1978 4767 2049 4839 Dei
2072 4768 2205 4855 evesla,

533 4873 671 4960 Quibus
688 4874 785 4943 enim
800 4890 866 4963 per
888 4871 1039 4965 caritatis
1064 4864 1202 4948 lanino
1218 4865 1264 4939 eil
1278 4867 1346 4940 ser·
1388 4873 1551 4965 adeoque
1565 4866 2205 4968 estepaniDeofanastaiuaiur.Nos

531 4973 734 5057 viendum,
763 4970 817 5040 illi
839 4968 997 5045 autisunt
1025 4970 1134 5043 nollri
1156 4969 1194 5039 in
1213 4969 1281 5039 hac
1293 4969 1346 5039 vi·
1389 4992 1511 5041 contra
1528 4970 1815 5065 exscriptoris&
1834 4989 1968 5038 canone
1986 4962 2204 5064 Vlll.pres.
2227 4998 2230 5040 i

535 5092 571 5147 ta
597 5065 683 5141 socii
708 5076 741 5140 ec
757 5068 998 5153 commilites,
1025 5093 1084 5142 aut
1108 5071 1146 5142 iii
1164 5066 1345 5138 alteravi·
1389 5067 1511 5164 synodi
1532 5062 1727 5156 docemus,
1760 5061 2120 5161 adsumtamjpclirissi
2142 5085 2229 5138 cao·

536 5191 571 5241 ta
598 5165 769 5240 absentes.
803 5166 984 5257 Prioribus
1015 5166 1164 5242 servitur
1187 5187 1254 5259 per
1290 5157 1348 5240 ia·
1389 5190 1474 5239 nem
1499 5164 1622 5264 utpote
1644 5158 1754 5266 dores
1781 5163 1839 5259 τῷ
1859 5161 2242 5264 λόγῳΓιιΜιΙῙιτΙιῑοιίιξΙ

534 5265 627 5344 λείαν
660 5268 814 5340 caritatis
842 5266 1025 5362 ciliciolum,
1061 5274 1132 5362 qua
1162 5264 1246 5335 illis'
1264 5282 1348 5359 ope·
1390 5272 1424 5338 δι
1459 5269 1502 5339 ad
1535 5271 1697 5341 dextram
1720 5268 1789 5341 Dei
1818 5261 1981 5336 evertam
2007 5286 2083 5337 una
2102 5273 2136 5341 δι
2160 5262 2226 5343 eo]

491 5441 501 5457 ,
535 5364 805 5464 rampraestare,
830 5369 1007 5442 bonorem
1026 5365 1214 5451 exhibere,
1241 5360 1348 5435 bertr·
1391 5365 1474 5441 dem
1493 5368 1702 5444 adoratione
1714 5388 1801 5461 euni¹
1818 5358 2002 5464 ndypueffe
2016 5366 2205 5451 colendam·
2214 5378 2225 5583 p

1996 5576 2003 5583 ἱ
2114 5461 2205 5538 lesui·
